exID,orderID,traderID,timeStamp,type,quantity,side,price
0,1,9999,0,1,1,2,1000939
0,2,9999,0,1,1,1,998795
0,1,3028,1,1,24,2,998799
0,1,3011,1,1,4,2,998862
0,1,3023,1,1,50,2,998840
0,1,3006,1,1,22,1,998798
0,1,3016,1,1,32,2,998804
0,1,3021,1,1,34,1,998783
0,1,3020,1,1,9,1,998764
0,1,3029,1,1,10,1,998779
0,1,3022,1,1,25,2,998905
0,1,3027,1,1,32,1,998747
0,1,3037,1,1,19,2,998823
0,1,3015,1,1,42,1,998714
0,1,3008,1,1,22,2,998832
0,1,3031,1,1,42,2,998898
0,1,3026,1,1,44,1,998787
0,1,3036,1,1,38,1,998695
0,1,3007,2,1,29,1,998794
0,1,3014,2,1,20,2,998822
0,1,3034,2,1,24,1,998785
0,1,3002,2,1,40,1,998774
0,2,3031,2,1,45,1,998783
0,1,3035,2,1,30,2,998820
0,1,3025,2,1,15,1,998745
0,2,3016,2,1,25,2,998828
0,2,3027,2,1,20,2,998799
0,1,3012,2,1,14,1,998779
0,1,3003,2,1,5,1,998789
0,1,3033,2,1,38,1,998758
0,2,3020,2,1,33,1,998785
0,1,3024,2,1,23,2,998819
0,2,3026,2,1,5,1,998767
0,1,3001,2,1,23,1,998773
0,2,3028,2,1,29,2,998800
0,2,3036,2,1,17,1,998671
0,1,3032,2,1,32,1,998798
0,1,3004,2,1,6,2,998811
0,1,3030,2,1,4,2,998829
0,1,3000,2,1,21,2,998874
0,1,3019,3,1,48,1,998781
0,2,3003,3,1,28,2,998971
0,2,3029,3,1,15,1,998647
0,3,3020,3,1,44,2,998809
0,3,3028,3,1,9,1,998588
0,2,3000,3,1,28,1,998789
0,2,3023,3,1,26,1,998765
0,3,3027,3,1,1,2,998966
0,2,3025,3,1,48,2,998816
0,2,3012,3,1,31,2,998822
0,1,3010,3,1,24,2,998837
0,2,3034,3,1,48,1,998791
0,1,3009,3,1,3,1,998771
0,2,3002,3,1,19,1,998739
0,2,3032,3,1,24,2,998818
0,2,3007,3,1,36,2,998806
0,2,3014,3,1,31,1,998761
0,2,3008,3,1,26,2,998911
0,3,3034,4,1,43,1,998769
0,3,3026,4,1,16,2,998867
0,3,3036,4,1,1,1,998789
0,3,3003,4,1,40,2,998807
0,3,3002,4,1,47,1,998615
0,3,3025,4,1,47,2,998801
0,3,3012,4,1,34,1,998670
0,2,3033,4,1,28,1,998740
0,2,3011,4,1,44,1,998754
0,2,3030,4,1,36,2,998881
0,4,3027,4,1,43,1,998748
0,3,3000,4,1,43,1,998777
0,2,3024,4,1,11,1,998686
0,2,3006,4,1,5,2,998933
0,3,3031,4,1,49,1,998721
0,2,3009,4,1,27,1,998789
0,3,3014,5,1,45,1,998757
0,2,3010,5,1,7,1,998791
0,2,3001,5,1,27,2,998846
0,3,3032,5,1,37,1,998627
0,3,3033,5,1,41,1,998783
0,3,3006,5,1,35,2,998866
0,3,3023,5,1,48,1,998795
0,3,3030,5,1,13,2,998808
0,4,3002,5,1,9,2,998822
0,2,3037,5,1,20,2,998799
0,4,3025,5,1,17,1,998798
0,3,3007,5,1,27,2,998810
0,3,3009,5,1,31,2,998851
0,5,3027,5,1,15,2,998833
0,2,3019,5,1,3,2,998803
0,1,3018,5,1,6,1,998745
0,1,3017,5,1,21,2,998860
0,3,3008,5,1,13,2,998836
0,4,3012,5,1,20,1,998702
0,5,3002,6,1,14,1,998796
0,3,3029,6,1,30,1,998798
0,5,3012,6,1,31,1,998698
0,4,3026,6,1,6,1,998764
0,2,3035,6,1,40,1,998773
0,3,3001,6,1,3,1,998500
0,4,3020,6,1,7,1,998719
0,2,3015,6,1,11,1,998761
0,2,3017,6,1,22,2,998816
0,3,3016,6,1,38,2,998941
0,3,3037,6,1,25,1,998642
0,4,3014,6,1,6,1,998726
0,4,3008,6,1,1,2,998867
0,1,3005,6,1,34,1,998777
0,4,3000,6,1,46,1,998777
0,4,3028,6,1,44,2,998868
0,4,3009,6,1,14,2,998833
0,5,3025,6,1,31,1,998662
0,4,3003,7,1,50,2,998816
0,4,3034,7,1,16,2,998840
0,4,3030,7,1,31,2,998810
0,2,3022,7,1,35,1,998781
0,4,3029,7,1,15,2,998815
0,5,3020,7,1,14,2,998846
0,5,3026,7,1,2,2,998896
0,3,3011,7,1,38,1,998737
0,6,3012,7,1,31,1,998794
0,4,3032,7,1,20,1,998750
0,2,3021,7,1,8,2,998802
0,2,3004,7,1,29,2,999046
0,5,3009,7,1,7,2,998799
0,6,3020,8,1,10,1,998766
0,2,3018,8,1,1,2,998810
0,4,3033,8,1,13,1,998778
0,6,3009,8,1,28,2,998871
0,5,3030,8,1,27,1,998709
0,3,3019,8,1,47,2,998801
0,5,3034,8,1,8,1,998723
0,6,3026,8,1,39,2,998823
0,3,3035,8,1,16,1,998732
0,5,3000,8,1,29,1,998797
0,6,3002,8,1,35,1,998777
0,2,3005,8,1,47,1,998793
0,4,3011,9,1,7,2,998913
0,3,3022,9,1,14,2,998801
0,6,3034,9,1,11,2,998834
0,4,3006,9,1,22,1,998740
0,4,3016,9,1,15,2,998851
0,4,3007,9,1,39,2,998811
0,6,3027,9,1,28,2,998806
0,7,3009,9,1,1,2,998860
0,5,3033,9,1,38,1,998736
0,3,3021,9,1,31,2,998931
0,6,3000,9,1,29,2,998877
0,4,3036,9,1,47,2,998856
0,3,3010,9,1,30,2,998807
0,7,3020,9,1,3,1,998789
0,4,3023,9,1,34,2,998804
0,5,3028,9,1,26,2,998953
0,6,3030,10,1,14,1,998750
0,5,3011,10,1,37,2,998877
0,6,3025,10,1,6,1,998791
0,7,3002,10,1,20,2,998942
0,5,3006,10,1,8,2,999107
0,5,3014,10,1,19,2,998856
0,3,3004,10,1,25,1,998774
0,7,3000,10,1,38,1,998705
0,3,3015,10,1,20,1,998789
0,7,3012,10,1,25,2,998875
0,6,3033,10,1,13,2,998803
0,4,3001,10,1,14,1,998767
0,3,3005,10,1,42,2,998816
0,4,3035,10,1,10,1,998792
0,3,3018,10,1,22,2,998832
0,1,3013,10,1,46,1,998797
0,8,3020,10,1,45,1,998793
0,5,3007,10,1,50,2,998926
0,7,3026,10,1,29,2,998799
0,3,3017,10,1,48,1,998788
0,4,3037,10,1,49,2,998915
0,7,3027,10,1,18,1,998785
0,4,3019,10,1,43,1,998775
0,5,3023,10,1,29,1,998609
0,5,3001,11,1,13,1,998777
0,6,3023,11,1,40,1,998794
0,6,3007,11,1,14,2,998805
0,7,3034,11,1,48,1,998796
0,8,3026,11,1,27,2,998864
0,5,3036,11,1,3,2,998842
0,4,3017,11,1,32,1,998554
0,6,3014,11,1,45,1,998797
0,6,3011,11,1,12,2,998882
0,4,3005,11,1,17,1,998763
0,6,3006,11,1,26,1,998698
0,5,3003,11,1,40,2,998802
0,5,3035,11,1,18,1,998786
0,4,3022,11,1,43,2,998860
0,5,3008,11,1,30,2,998799
0,8,3012,11,1,16,1,998798
0,8,3000,11,1,43,1,998769
0,2,3013,11,1,45,2,998905
0,6,3028,11,1,29,1,998797
0,8,3009,12,1,35,2,999093
0,6,3001,12,1,10,2,998803
0,7,3030,12,1,40,1,998784
0,7,3033,12,1,45,2,998820
0,7,3011,12,1,24,2,998818
0,5,3005,12,1,19,1,998730
0,7,3014,12,1,26,1,998794
0,5,3019,12,1,27,1,998786
0,4,3010,12,1,18,2,998826
0,6,3035,12,1,24,1,998695
0,9,3000,12,1,19,2,998801
0,7,3025,12,1,29,1,998731
0,7,3007,12,1,8,1,998771
0,3,3024,12,1,23,1,998761
0,7,3006,12,1,50,2,998812
0,8,3002,12,1,50,1,998787
0,4,3018,12,1,33,2,998811
0,8,3027,12,1,19,2,998864
0,6,3036,12,1,28,2,998878
0,7,3028,12,1,10,2,998945
0,4,3015,12,1,38,1,998773
0,9,3009,13,1,47,1,998747
0,7,3036,13,1,10,1,998568
0,6,3003,13,1,34,1,998759
0,5,3029,13,1,40,2,998809
0,5,3022,13,1,6,1,998735
0,8,3028,13,1,24,2,998805
0,4,3024,13,1,49,2,998807
0,8,3033,13,1,22,1,998715
0,9,3026,13,1,1,1,998735
0,5,3032,13,1,7,1,998770
0,3,3013,13,1,40,1,998775
0,8,3014,13,1,48,2,999234
0,6,3008,13,1,32,1,998769
0,5,3018,13,1,29,2,998842
0,5,3017,13,1,47,2,998801
0,5,3010,13,1,28,2,998825
0,4,3031,13,1,15,1,998789
0,9,3002,13,1,8,2,998815
0,8,3034,13,1,12,1,998790
0,5,3037,13,1,19,2,998809
0,7,3035,13,1,12,1,998777
0,9,3027,13,1,13,1,998782
0,4,3004,14,1,28,2,998867
0,5,3015,14,1,34,1,998788
0,7,3001,14,1,46,1,998793
0,6,3019,14,1,48,1,998723
0,10,3009,14,1,38,1,998681
0,6,3017,14,1,1,2,998799
0,9,3020,14,1,49,2,998801
0,8,3036,14,1,16,1,998752
0,8,3030,14,1,6,2,998828
0,8,3035,14,1,48,2,998799
0,7,3023,14,1,2,1,998774
0,10,3002,14,1,18,1,998749
0,6,3037,14,1,39,1,998798
0,9,3012,14,1,38,1,998656
0,10,3027,14,1,46,1,998797
0,8,3007,14,1,24,1,998766
0,9,3014,14,1,26,1,998789
0,4,3021,15,1,2,2,998863
0,11,3027,15,1,28,1,998795
0,11,3009,15,1,20,2,998816
0,9,3036,15,1,26,1,998791
0,7,3003,15,1,46,2,998814
0,7,3037,15,1,31,2,998809
0,7,3017,15,1,28,2,998898
0,9,3035,15,1,36,1,998725
0,9,3030,15,1,15,2,998814
0,5,3031,15,1,15,1,998783
0,6,3018,15,1,25,1,998776
0,10,3014,15,1,11,2,998965
0,6,3032,15,1,6,1,998795
0,11,3002,15,1,22,1,998781
0,8,3011,15,1,34,2,998843
0,9,3034,15,1,41,1,998682
0,9,3007,15,1,29,1,998738
0,6,3022,15,1,10,2,999048
0,6,3005,16,1,21,1,998680
0,5,3024,16,1,45,1,998733
0,6,3015,16,1,21,2,998889
0,8,3006,16,1,21,1,998693
0,10,3012,16,1,35,1,998778
0,12,3009,16,1,36,1,998770
0,9,3011,16,1,7,2,998799
0,7,3022,16,1,33,1,998760
0,8,3025,16,1,14,2,998887
0,7,3032,16,1,28,1,998788
0,8,3023,16,1,49,1,998681
0,9,3033,16,1,14,2,998821
0,12,3027,16,1,21,2,998839
0,12,3002,16,1,30,1,998797
0,10,3030,16,1,41,2,998843
0,10,3020,16,1,23,1,998794
0,8,3003,16,1,44,2,998864
0,9,3028,16,1,9,1,998798
0,8,3037,17,1,43,2,998833
0,11,3014,17,1,10,1,998794
0,8,3022,17,1,12,2,998958
0,13,3002,17,1,16,2,998814
0,10,3034,17,1,11,2,998803
0,7,3005,17,1,3,2,998811
0,10,3007,17,1,18,2,998803
0,10,3026,17,1,22,1,998741
0,7,3018,17,1,28,2,998924
0,10,3000,17,1,12,1,998629
0,9,3006,17,1,12,1,998796
0,7,3019,17,1,46,2,998824
0,9,3025,17,1,29,1,998718
0,9,3003,18,1,27,2,998948
0,8,3001,18,1,48,1,998777
0,11,3034,18,1,46,1,998762
0,10,3006,18,1,8,2,998809
0,11,3012,18,1,21,2,998806
0,6,3031,18,1,21,1,998796
0,11,3026,18,1,47,1,998758
0,12,3014,18,1,14,1,998651
0,8,3017,18,1,29,1,998790
0,14,3002,18,1,30,2,998828
0,13,3009,18,1,10,2,998807
0,10,3028,18,1,30,1,998797
0,10,3011,18,1,36,1,998716
0,6,3024,18,1,47,1,998794
0,8,3018,18,1,24,1,998759
0,6,3029,18,1,29,1,998776
0,13,3027,18,1,45,1,998792
0,10,3025,18,1,49,2,998823
0,5,3004,18,1,15,2,998813
0,10,3033,18,1,45,1,998696
0,9,3037,18,1,9,1,998788
0,4,3013,18,1,39,1,998761
0,10,3036,18,1,7,2,998806
0,5,3016,18,1,24,2,998855
0,10,3035,18,1,40,2,998850
0,7,3008,18,1,28,2,998806
0,5,3021,18,1,5,2,998852
0,7,3029,19,1,5,2,998855
0,9,3018,19,1,44,2,999011
0,11,3007,19,1,43,1,998790
0,11,3000,19,1,19,2,998816
0,10,3003,19,1,36,1,998798
0,9,3017,19,1,43,2,998815
0,6,3021,19,1,23,1,998766
0,11,3028,19,1,40,2,998835
0,11,3033,19,1,15,1,998708
0,11,3025,19,1,28,2,998911
0,6,3016,19,1,12,1,998793
0,6,3004,19,1,36,2,998851
0,8,3032,19,1,21,1,998794
0,11,3011,19,1,5,2,999063
0,7,3024,19,1,41,1,998773
0,11,3035,19,1,37,1,998796
0,8,3024,20,1,14,2,998799
0,7,3031,20,1,2,2,998879
0,11,3030,20,1,7,2,998813
0,7,3015,20,1,1,2,998799
0,7,3004,20,1,18,1,998721
0,14,3009,20,1,30,1,998733
0,13,3014,20,1,50,2,998801
0,8,3029,20,1,38,2,998868
0,15,3002,20,1,6,1,998762
0,9,3023,20,1,5,1,998797
0,8,3008,20,1,25,1,998752
0,12,3007,20,1,23,2,998808
0,9,3032,20,1,24,2,998802
0,10,3017,20,1,48,1,998787
0,11,3020,20,1,28,2,998851
0,12,3034,20,1,47,1,998720
0,7,3021,20,1,38,1,998761
0,10,3037,20,1,49,1,998709
0,12,3033,20,1,45,1,998747
0,12,3028,20,1,16,1,998652
0,9,3001,50,1,12,1,998758
0,12,3000,50,1,33,1,998678
0,1,2021,50,1,30,2,0
0,8,3005,50,1,36,1,998780
0,2,2021,100,1,34,2,0
0,13,3000,100,1,47,1,998786
0,9,3005,100,1,3,1,998704
0,10,3001,100,1,45,2,998843
0,14,3014,100,1,36,2,998805
0,8,3004,100,1,16,1,998597
0,11,3001,150,1,15,1,998699
0,3,2021,150,1,46,2,0
0,10,3005,150,1,14,1,998648
0,14,3000,150,1,10,2,998803
0,1,2014,150,1,30,1,200000
0,15,3000,200,1,8,2,998838
0,1,2019,200,1,45,2,0
0,9,3008,200,1,7,2,998824
0,9,3004,200,1,42,2,998906
0,1,2036,200,1,12,2,0
0,4,2021,200,1,18,1,200000
0,12,3001,200,1,23,1,998798
0,15,3014,200,1,16,1,998782
0,8,3021,200,1,7,2,998897
0,1,2034,200,1,34,1,200000
0,11,3005,200,1,49,1,998797
0,1,1000,250,1,8,2,998821
0,2,1000,250,1,50,2,998825
0,3,1000,250,1,5,2,998841
0,4,1000,250,1,20,2,998811
0,5,1000,250,1,14,2,998851
0,6,1000,250,1,21,2,998811
0,7,1000,250,1,1,2,998848
0,8,1000,250,1,26,2,998818
0,9,1000,250,1,5,2,998806
0,10,1000,250,1,25,2,998812
0,11,1000,250,1,28,2,998839
0,12,1000,250,1,21,2,998855
0,13,1000,250,1,45,2,998805
0,14,1000,250,1,3,2,998821
0,15,1000,250,1,45,2,998845
0,16,1000,250,1,19,2,998859
0,17,1000,250,1,3,2,998827
0,18,1000,250,1,11,2,998838
0,12,1000,250,2,21,2,998855
0,5,2021,250,1,41,2,0
0,13,3001,250,1,21,2,998813
0,16,3000,250,1,21,2,998800
0,12,3005,250,1,6,1,998796
0,16,1000,252,2,19,2,998859
0,1,1000,256,2,8,2,998821
0,2,1000,256,2,50,2,998825
0,4,1000,256,2,20,2,998811
0,8,1000,259,2,26,2,998818
0,6,1000,269,2,21,2,998811
0,11,1000,274,2,28,2,998839
0,7,1000,276,2,1,2,998848
0,17,1000,281,2,3,2,998827
0,9,1000,281,2,5,2,998806
0,3,1000,282,2,5,2,998841
0,13,1000,282,2,45,2,998805
0,18,1000,290,2,11,2,998838
0,10,1000,296,2,25,2,998812
0,10,3004,300,1,48,1,998647
0,5,3013,300,1,4,1,998778
0,14,3001,300,1,16,1,998796
0,13,3005,300,1,39,2,998821
0,17,3000,300,1,33,1,998798
0,16,3014,300,1,30,1,998749
0,2,2014,300,1,50,2,0
0,6,2021,300,1,42,1,200000
0,15,1000,304,2,45,2,998845
0,14,1000,337,2,3,2,998821
0,13,3033,350,1,17,1,998788
0,18,3000,350,1,4,1,998714
0,14,3005,350,1,36,1,998756
0,7,2021,350,1,15,1,200000
0,15,3001,350,1,28,1,998611
0,5,1000,380,2,14,2,998851
0,16,3002,400,1,39,2,998798
0,11,3004,400,1,18,1,998787
0,10,3008,400,1,37,2,998863
0,8,2021,400,1,20,1,200000
0,16,3001,400,1,6,1,998791
0,19,3000,400,1,43,1,998758
0,2,2034,400,1,19,1,200000
0,2,2036,400,1,3,2,0
0,9,3021,400,1,3,1,998772
0,1,2045,400,1,33,1,200000
0,2,2019,400,1,12,1,200000
0,15,3005,400,1,50,2,998823
0,17,3014,400,1,36,2,998884
0,20,3000,450,1,34,2,998799
0,9,2021,450,1,33,1,200000
0,16,3005,450,1,27,2,998798
0,1,2037,450,1,16,1,200000
0,3,2014,450,1,44,1,200000
0,11,3006,450,1,48,2,998799
0,17,3001,450,1,18,1,998679
0,17,3005,500,1,35,1,998775
0,6,3010,500,1,15,1,998756
0,18,3014,500,1,12,1,998704
0,21,3000,500,1,43,1,998762
0,18,3001,500,1,12,2,998880
0,1,2028,500,1,37,1,200000
0,8,3015,500,1,16,1,998780
0,12,3004,500,1,33,2,998856
0,8,3019,500,1,41,1,998780
0,10,2021,500,1,4,1,200000
0,19,1000,500,1,39,1,998775
0,20,1000,500,1,17,1,998761
0,21,1000,500,1,50,1,998766
0,22,1000,500,1,31,1,998773
0,23,1000,500,1,46,1,998792
0,24,1000,500,1,28,1,998750
0,25,1000,500,1,29,1,998792
0,26,1000,500,1,46,1,998763
0,27,1000,500,1,29,1,998757
0,28,1000,500,1,28,1,998760
0,29,1000,500,1,30,1,998747
0,30,1000,500,1,50,1,998737
0,31,1000,500,1,7,1,998741
0,32,1000,500,1,42,1,998765
0,33,1000,500,1,13,1,998753
0,34,1000,500,1,41,1,998779
0,35,1000,500,1,37,1,998777
0,36,1000,500,1,39,1,998797
0,37,1000,500,1,20,1,998778
0,38,1000,500,1,33,1,998743
0,39,1000,500,1,35,1,998769
0,40,1000,500,1,3,1,998796
0,41,1000,500,1,37,1,998775
0,42,1000,500,1,14,1,998775
0,43,1000,500,1,26,1,998746
0,44,1000,500,1,9,1,998744
0,45,1000,500,1,10,1,998748
0,46,1000,500,1,18,1,998789
0,47,1000,500,1,18,1,998764
0,48,1000,500,1,6,1,998772
0,49,1000,500,1,38,1,998782
0,50,1000,500,1,48,1,998739
0,51,1000,500,1,13,1,998790
0,52,1000,500,1,38,1,998783
0,53,1000,500,1,34,1,998743
0,54,1000,500,1,29,1,998781
0,55,1000,500,1,29,1,998793
0,56,1000,500,1,25,1,998760
0,57,1000,500,1,10,1,998782
0,58,1000,500,1,23,1,998785
0,59,1000,500,1,5,1,998768
0,60,1000,500,1,47,1,998759
0,61,1000,500,1,18,1,998767
0,62,1000,500,1,10,1,998770
0,63,1000,500,1,27,1,998792
0,64,1000,500,1,44,1,998779
0,65,1000,500,1,48,1,998788
0,66,1000,500,1,23,1,998742
0,67,1000,500,1,50,1,998771
0,68,1000,500,1,23,1,998769
0,69,1000,500,1,3,1,998775
0,70,1000,500,1,11,1,998797
0,71,1000,500,1,4,1,998795
0,72,1000,500,1,33,1,998742
0,73,1000,500,1,33,1,998746
0,74,1000,500,1,11,1,998766
0,75,1000,500,1,50,1,998794
0,76,1000,500,1,7,1,998737
0,77,1000,500,1,33,1,998753
0,78,1000,500,1,9,1,998766
0,31,1000,500,2,7,1,998741
0,37,1000,501,2,20,1,998778
0,30,1000,501,2,50,1,998737
0,53,1000,503,2,34,1,998743
0,26,1000,503,2,46,1,998763
0,40,1000,505,2,3,1,998796
0,21,1000,505,2,50,1,998766
0,22,1000,506,2,31,1,998773
0,76,1000,506,2,7,1,998737
0,24,1000,507,2,28,1,998750
0,65,1000,508,2,48,1,998788
0,34,1000,509,2,41,1,998779
0,36,1000,509,2,39,1,998797
0,63,1000,509,2,27,1,998792
0,43,1000,510,2,26,1,998746
0,25,1000,510,2,29,1,998792
0,49,1000,511,2,38,1,998782
0,66,1000,512,2,23,1,998742
0,20,1000,518,2,17,1,998761
0,41,1000,519,2,37,1,998775
0,77,1000,520,2,33,1,998753
0,71,1000,520,2,4,1,998795
0,57,1000,522,2,10,1,998782
0,55,1000,522,2,29,1,998793
0,67,1000,523,2,50,1,998771
0,75,1000,524,2,50,1,998794
0,29,1000,528,2,30,1,998747
0,27,1000,528,2,29,1,998757
0,28,1000,528,2,28,1,998760
0,51,1000,529,2,13,1,998790
0,50,1000,530,2,48,1,998739
0,48,1000,531,2,6,1,998772
0,46,1000,531,2,18,1,998789
0,58,1000,534,2,23,1,998785
0,70,1000,534,2,11,1,998797
0,38,1000,536,2,33,1,998743
0,56,1000,537,2,25,1,998760
0,35,1000,538,2,37,1,998777
0,52,1000,542,2,38,1,998783
0,73,1000,542,2,33,1,998746
0,62,1000,544,2,10,1,998770
0,42,1000,546,2,14,1,998775
0,61,1000,547,2,18,1,998767
0,39,1000,549,2,35,1,998769
0,19,3001,550,1,49,1,998751
0,22,3000,550,1,15,2,998881
0,1,2035,550,1,19,2,0
0,11,2021,550,1,3,2,0
0,18,3005,550,1,17,2,998822
0,11,3037,550,1,9,2,998799
0,23,1000,551,2,46,1,998792
0,72,1000,559,2,33,1,998742
0,44,1000,564,2,9,1,998744
0,68,1000,565,2,23,1,998769
0,19,1000,566,2,39,1,998775
0,69,1000,571,2,3,1,998775
0,60,1000,574,2,47,1,998759
0,64,1000,577,2,44,1,998779
0,59,1000,578,2,5,1,998768
0,45,1000,582,2,10,1,998748
0,54,1000,595,2,29,1,998781
0,11,3008,600,1,29,2,998798
0,13,3007,600,1,50,1,998765
0,3,2034,600,1,20,1,200000
0,20,3001,600,1,23,1,998795
0,13,3004,600,1,27,2,998951
0,10,3021,600,1,19,2,998827
0,19,3014,600,1,45,1,998773
0,6,3013,600,1,27,2,998800
0,3,2036,600,1,37,2,0
0,19,3005,600,1,42,2,998861
0,4,2014,600,1,5,1,200000
0,12,2021,600,1,14,1,200000
0,3,2019,600,1,7,2,0
0,23,3000,600,1,35,2,998805
0,47,1000,604,2,18,1,998764
0,33,1000,609,2,13,1,998753
0,32,1000,618,2,42,1,998765
0,74,1000,631,2,11,1,998766
0,78,1000,644,2,9,1,998766
0,21,3001,650,1,10,1,998779
0,12,3026,650,1,6,2,998828
0,13,2021,650,1,26,2,0
0,24,3000,650,1,18,1,998728
0,20,3005,650,1,38,1,998741
0,14,3004,700,1,12,2,998799
0,21,3005,700,1,22,2,998802
0,20,3014,700,1,1,1,998341
0,22,3001,700,1,16,2,998798
0,14,2021,700,1,10,1,200000
0,25,3000,700,1,18,2,998803
0,14,3033,700,1,34,1,998790
0,1,2022,700,1,7,1,200000
0,23,3001,750,1,6,2,998899
0,15,2021,750,1,2,1,200000
0,5,2014,750,1,21,2,0
0,79,1000,750,1,44,2,998846
0,80,1000,750,1,18,2,998827
0,81,1000,750,1,21,2,998830
0,82,1000,750,1,35,2,998837
0,83,1000,750,1,4,2,998817
0,26,3000,750,1,1,1,998780
0,22,3005,750,1,49,1,998437
0,83,1000,751,2,4,2,998817
0,80,1000,755,2,18,2,998827
0,79,1000,776,2,44,2,998846
0,81,1000,786,2,21,2,998830
0,82,1000,796,2,35,2,998837
0,12,3008,800,1,32,2,998816
0,23,3005,800,1,44,2,998815
0,11,3021,800,1,19,1,998678
0,4,2036,800,1,30,2,0
0,2,2045,800,1,44,1,200000
0,24,3001,800,1,1,2,998845
0,4,2034,800,1,45,1,200000
0,16,2021,800,1,35,2,0
0,17,3002,800,1,38,1,998677
0,4,2019,800,1,7,1,200000
0,21,3014,800,1,37,2,998802
0,27,3000,800,1,9,2,998810
0,8,3031,800,1,30,1,998793
0,15,3004,800,1,33,1,998759
0,25,3001,850,1,50,2,998863
0,17,2021,850,1,27,1,200000
0,28,3000,850,1,26,1,998794
0,11,3017,850,1,36,2,998802
0,9,3029,850,1,41,1,998535
0,24,3005,850,1,36,2,998877
0,1,2038,850,1,29,1,200000
0,16,3004,900,1,14,1,998602
0,26,3001,900,1,30,1,998795
0,29,3000,900,1,25,1,998709
0,18,2021,900,1,5,2,0
0,25,3005,900,1,5,1,998795
0,7,3013,900,1,49,2,998803
0,22,3014,900,1,8,2,998799
0,6,2014,900,1,4,2,0
0,9,3024,900,1,50,2,998803
0,10,3018,900,1,36,1,998783
0,12,3006,900,1,16,1,998741
0,2,2037,900,1,4,1,200000
0,11,3036,950,1,21,2,998819
0,13,3028,950,1,18,2,998827
0,26,3005,950,1,34,1,998783
0,30,3000,950,1,46,1,998797
0,19,2021,950,1,11,1,200000
0,27,3001,950,1,26,1,998745
0,13,3008,1000,1,21,2,998872
0,20,2021,1000,1,28,1,200000
0,2,2028,1000,1,14,1,200000
0,84,1000,1000,1,36,1,998793
0,85,1000,1000,1,31,1,998759
0,86,1000,1000,1,21,1,998779
0,87,1000,1000,1,10,1,998738
0,88,1000,1000,1,5,1,998791
0,89,1000,1000,1,48,1,998760
0,90,1000,1000,1,10,1,998742
0,91,1000,1000,1,18,1,998796
0,92,1000,1000,1,41,1,998758
0,93,1000,1000,1,25,1,998779
0,94,1000,1000,1,7,1,998752
0,95,1000,1000,1,40,1,998752
0,96,1000,1000,1,44,1,998753
0,97,1000,1000,1,1,1,998774
0,98,1000,1000,1,45,1,998771
0,99,1000,1000,1,10,1,998789
0,100,1000,1000,1,38,1,998786
0,101,1000,1000,1,26,1,998783
0,102,1000,1000,1,41,1,998757
0,103,1000,1000,1,4,1,998751
0,104,1000,1000,1,24,1,998786
0,105,1000,1000,1,25,1,998747
0,106,1000,1000,1,46,1,998780
0,107,1000,1000,1,17,1,998790
0,108,1000,1000,1,17,1,998747
0,109,1000,1000,1,14,1,998788
0,110,1000,1000,1,20,1,998774
0,111,1000,1000,1,1,1,998767
0,112,1000,1000,1,47,1,998756
0,113,1000,1000,1,26,1,998791
0,114,1000,1000,1,1,1,998787
0,115,1000,1000,1,32,1,998790
0,116,1000,1000,1,5,1,998791
0,117,1000,1000,1,16,1,998777
0,118,1000,1000,1,29,1,998753
0,119,1000,1000,1,25,1,998778
0,120,1000,1000,1,1,1,998758
0,121,1000,1000,1,5,1,998740
0,122,1000,1000,1,10,1,998766
0,123,1000,1000,1,35,1,998789
0,124,1000,1000,1,25,1,998767
0,125,1000,1000,1,40,1,998773
0,126,1000,1000,1,42,1,998756
0,127,1000,1000,1,16,1,998755
0,128,1000,1000,1,28,1,998761
0,129,1000,1000,1,19,1,998788
0,130,1000,1000,1,8,1,998742
0,131,1000,1000,1,19,1,998771
0,132,1000,1000,1,5,1,998756
0,133,1000,1000,1,24,1,998766
0,134,1000,1000,1,41,1,998772
0,135,1000,1000,1,36,1,998779
0,136,1000,1000,1,13,1,998792
0,137,1000,1000,1,6,1,998738
0,138,1000,1000,1,43,1,998751
0,139,1000,1000,1,9,1,998759
0,140,1000,1000,1,9,1,998792
0,141,1000,1000,1,3,1,998752
0,142,1000,1000,1,12,1,998747
0,143,1000,1000,1,25,1,998795
0,137,1000,1000,2,6,1,998738
0,96,1000,1000,2,44,1,998753
0,115,1000,1000,2,32,1,998790
0,5,2019,1000,1,33,2,0
0,12,3021,1000,1,20,2,998973
0,23,3014,1000,1,38,2,998806
0,17,3004,1000,1,19,1,998797
0,28,3001,1000,1,22,2,998877
0,31,3000,1000,1,40,1,998744
0,5,2036,1000,1,9,1,200000
0,9,3015,1000,1,9,1,998788
0,7,3010,1000,1,3,1,998778
0,9,3019,1000,1,47,2,998846
0,27,3005,1000,1,24,2,998815
0,5,2034,1000,1,12,1,200000
0,112,1000,1001,2,47,1,998756
0,125,1000,1003,2,40,1,998773
0,116,1000,1003,2,5,1,998791
0,102,1000,1004,2,41,1,998757
0,124,1000,1004,2,25,1,998767
0,138,1000,1005,2,43,1,998751
0,98,1000,1006,2,45,1,998771
0,107,1000,1006,2,17,1,998790
0,90,1000,1006,2,10,1,998742
0,87,1000,1006,2,10,1,998738
0,109,1000,1006,2,14,1,998788
0,101,1000,1007,2,26,1,998783
0,129,1000,1008,2,19,1,998788
0,85,1000,1008,2,31,1,998759
0,106,1000,1008,2,46,1,998780
0,113,1000,1009,2,26,1,998791
0,134,1000,1009,2,41,1,998772
0,94,1000,1010,2,7,1,998752
0,122,1000,1010,2,10,1,998766
0,128,1000,1010,2,28,1,998761
0,84,1000,1013,2,36,1,998793
0,132,1000,1014,2,5,1,998756
0,143,1000,1016,2,25,1,998795
0,92,1000,1017,2,41,1,998758
0,100,1000,1019,2,38,1,998786
0,141,1000,1020,2,3,1,998752
0,103,1000,1029,2,4,1,998751
0,139,1000,1029,2,9,1,998759
0,140,1000,1029,2,9,1,998792
0,118,1000,1032,2,29,1,998753
0,108,1000,1035,2,17,1,998747
0,117,1000,1035,2,16,1,998777
0,142,1000,1036,2,12,1,998747
0,126,1000,1037,2,42,1,998756
0,99,1000,1040,2,10,1,998789
0,133,1000,1042,2,24,1,998766
0,121,1000,1045,2,5,1,998740
0,88,1000,1046,2,5,1,998791
0,28,3005,1050,1,22,1,998796
0,29,3001,1050,1,19,2,998829
0,7,2014,1050,1,26,1,200000
0,32,3000,1050,1,3,1,998793
0,21,2021,1050,1,33,1,200000
0,15,3033,1050,1,24,2,998889
0,93,1000,1053,2,25,1,998779
0,89,1000,1054,2,48,1,998760
0,135,1000,1059,2,36,1,998779
0,119,1000,1060,2,25,1,998778
0,111,1000,1062,2,1,1,998767
0,86,1000,1071,2,21,1,998779
0,130,1000,1073,2,8,1,998742
0,104,1000,1077,2,24,1,998786
0,97,1000,1077,2,1,1,998774
0,136,1000,1082,2,13,1,998792
0,114,1000,1085,2,1,1,998787
0,127,1000,1086,2,16,1,998755
0,120,1000,1095,2,1,1,998758
0,131,1000,1097,2,19,1,998771
0,123,1000,1099,2,35,1,998789
0,2,2035,1100,1,32,1,200000
0,30,3001,1100,1,15,1,998775
0,24,3014,1100,1,25,2,998801
0,1,2008,1100,1,16,1,200000
0,1,2007,1100,1,11,1,200000
0,33,3000,1100,1,5,1,998745
0,29,3005,1100,1,28,1,998778
0,18,3004,1100,1,48,1,998516
0,22,2021,1100,1,21,2,0
0,12,3037,1100,1,49,1,998797
0,1,2048,1100,1,12,2,0
0,110,1000,1104,2,20,1,998774
0,91,1000,1110,2,18,1,998796
0,95,1000,1123,2,40,1,998752
0,105,1000,1128,2,25,1,998747
0,31,3001,1150,1,10,1,998768
0,34,3000,1150,1,34,1,998777
0,30,3005,1150,1,16,1,998716
0,23,2021,1150,1,31,1,200000
0,35,3000,1200,1,42,2,998798
0,6,2036,1200,1,10,2,0
0,14,3007,1200,1,33,2,998814
0,13,3021,1200,1,46,2,998862
0,32,3001,1200,1,23,1,998790
0,31,3005,1200,1,24,1,998786
0,25,3014,1200,1,1,2,998852
0,3,2045,1200,1,26,1,200000
0,18,3002,1200,1,6,2,998812
0,14,3008,1200,1,9,1,998753
0,8,2014,1200,1,32,2,0
0,19,3004,1200,1,24,1,998790
0,6,2019,1200,1,32,1,200000
0,8,3013,1200,1,33,1,998691
0,24,2021,1200,1,11,2,0
0,6,2034,1200,1,26,2,0
0,12,3011,1250,1,15,2,998814
0,32,3005,1250,1,8,2,998806
0,144,1000,1250,1,35,1,998751
0,145,1000,1250,1,13,1,998764
0,146,1000,1250,1,1,1,998764
0,147,1000,1250,1,40,1,998786
0,148,1000,1250,1,22,1,998784
0,149,1000,1250,1,12,1,998756
0,150,1000,1250,1,17,1,998769
0,151,1000,1250,1,9,1,998767
0,152,1000,1250,1,1,1,998757
0,153,1000,1250,1,31,1,998779
0,154,1000,1250,1,48,1,998788
0,155,1000,1250,1,27,1,998761
0,156,1000,1250,1,30,1,998794
0,157,1000,1250,1,12,1,998764
0,158,1000,1250,1,49,1,998745
0,159,1000,1250,1,29,1,998755
0,160,1000,1250,1,5,1,998787
0,161,1000,1250,1,19,1,998781
0,162,1000,1250,1,36,1,998768
0,163,1000,1250,1,26,1,998769
0,164,1000,1250,1,11,1,998776
0,165,1000,1250,1,25,1,998770
0,166,1000,1250,1,16,1,998753
0,167,1000,1250,1,46,1,998790
0,168,1000,1250,1,37,1,998742
0,169,1000,1250,1,31,1,998788
0,170,1000,1250,1,33,1,998781
0,171,1000,1250,1,7,1,998749
0,172,1000,1250,1,25,1,998789
0,173,1000,1250,1,8,1,998739
0,174,1000,1250,1,6,1,998772
0,175,1000,1250,1,21,1,998788
0,176,1000,1250,1,2,1,998788
0,177,1000,1250,1,41,1,998788
0,178,1000,1250,1,48,1,998759
0,179,1000,1250,1,12,1,998757
0,180,1000,1250,1,1,1,998765
0,181,1000,1250,1,18,1,998765
0,182,1000,1250,1,9,1,998795
0,183,1000,1250,1,13,1,998795
0,184,1000,1250,1,36,1,998785
0,185,1000,1250,1,35,1,998745
0,186,1000,1250,1,31,1,998771
0,187,1000,1250,1,42,1,998763
0,188,1000,1250,1,36,1,998758
0,189,1000,1250,1,20,1,998773
0,190,1000,1250,1,26,1,998787
0,191,1000,1250,1,43,1,998793
0,192,1000,1250,1,18,1,998761
0,193,1000,1250,1,22,1,998785
0,194,1000,1250,1,40,1,998770
0,195,1000,1250,1,32,1,998746
0,196,1000,1250,1,3,1,998793
0,197,1000,1250,1,33,1,998789
0,198,1000,1250,1,3,1,998776
0,199,1000,1250,1,35,1,998787
0,200,1000,1250,1,34,1,998767
0,201,1000,1250,1,10,1,998753
0,202,1000,1250,1,25,1,998792
0,203,1000,1250,1,1,1,998752
0,188,1000,1250,2,36,1,998758
0,149,1000,1250,2,12,1,998756
0,36,3000,1250,1,49,1,998652
0,33,3001,1250,1,22,2,998841
0,25,2021,1250,1,46,2,0
0,11,3003,1250,1,29,1,998765
0,183,1000,1252,2,13,1,998795
0,200,1000,1253,2,34,1,998767
0,158,1000,1254,2,49,1,998745
0,148,1000,1254,2,22,1,998784
0,187,1000,1255,2,42,1,998763
0,169,1000,1255,2,31,1,998788
0,194,1000,1256,2,40,1,998770
0,196,1000,1256,2,3,1,998793
0,175,1000,1257,2,21,1,998788
0,198,1000,1257,2,3,1,998776
0,157,1000,1258,2,12,1,998764
0,161,1000,1258,2,19,1,998781
0,151,1000,1260,2,9,1,998767
0,164,1000,1260,2,11,1,998776
0,181,1000,1261,2,18,1,998765
0,170,1000,1261,2,33,1,998781
0,199,1000,1261,2,35,1,998787
0,156,1000,1263,2,30,1,998794
0,176,1000,1264,2,2,1,998788
0,189,1000,1265,2,20,1,998773
0,185,1000,1265,2,35,1,998745
0,203,1000,1266,2,1,1,998752
0,179,1000,1266,2,12,1,998757
0,195,1000,1267,2,32,1,998746
0,171,1000,1267,2,7,1,998749
0,178,1000,1268,2,48,1,998759
0,152,1000,1268,2,1,1,998757
0,197,1000,1270,2,33,1,998789
0,202,1000,1271,2,25,1,998792
0,145,1000,1271,2,13,1,998764
0,160,1000,1272,2,5,1,998787
0,153,1000,1273,2,31,1,998779
0,162,1000,1274,2,36,1,998768
0,144,1000,1274,2,35,1,998751
0,186,1000,1276,2,31,1,998771
0,177,1000,1278,2,41,1,998788
0,150,1000,1281,2,17,1,998769
0,154,1000,1281,2,48,1,998788
0,180,1000,1282,2,1,1,998765
0,182,1000,1282,2,9,1,998795
0,193,1000,1284,2,22,1,998785
0,190,1000,1286,2,26,1,998787
0,173,1000,1291,2,8,1,998739
0,166,1000,1292,2,16,1,998753
0,191,1000,1294,2,43,1,998793
0,167,1000,1299,2,46,1,998790
0,33,3005,1300,1,5,2,998857
0,1,2005,1300,1,26,1,200000
0,37,3000,1300,1,20,2,998805
0,26,2021,1300,1,37,2,0
0,26,3014,1300,1,10,1,998796
0,13,3026,1300,1,50,2,998816
0,20,3004,1300,1,33,1,998748
0,34,3001,1300,1,50,2,998804
0,165,1000,1305,2,25,1,998770
0,201,1000,1307,2,10,1,998753
0,184,1000,1314,2,36,1,998785
0,172,1000,1320,2,25,1,998789
0,147,1000,1321,2,40,1,998786
0,168,1000,1324,2,37,1,998742
0,159,1000,1329,2,29,1,998755
0,155,1000,1332,2,27,1,998761
0,146,1000,1342,2,1,1,998764
0,34,3005,1350,1,1,2,998862
0,35,3001,1350,1,48,2,998801
0,38,3000,1350,1,8,1,998780
0,13,3006,1350,1,48,2,998822
0,3,2037,1350,1,50,2,0
0,27,2021,1350,1,28,1,200000
0,9,2014,1350,1,35,1,200000
0,192,1000,1355,2,18,1,998761
0,174,1000,1381,2,6,1,998772
0,1,2015,1400,1,27,2,0
0,36,3001,1400,1,43,2,998978
0,28,2021,1400,1,22,1,200000
0,1,2031,1400,1,5,1,200000
0,7,2019,1400,1,1,2,0
0,39,3000,1400,1,49,2,998849
0,27,3014,1400,1,31,1,998797
0,7,2034,1400,1,40,2,0
0,16,3033,1400,1,32,2,998863
0,7,2036,1400,1,43,2,0
0,14,3021,1400,1,7,2,998806
0,21,3004,1400,1,31,2,998798
0,2,2022,1400,1,43,1,200000
0,35,3005,1400,1,1,2,998821
0,15,3008,1400,1,39,1,998792
0,163,1000,1403,2,26,1,998769
0,29,2021,1450,1,18,2,0
0,10,3032,1450,1,26,2,998805
0,37,3001,1450,1,14,2,998861
0,40,3000,1450,1,45,1,998734
0,36,3005,1450,1,18,2,998812
0,12,3012,1450,1,7,1,998778
0,41,3000,1500,1,2,2,998808
0,28,3014,1500,1,45,1,998782
0,10,2014,1500,1,4,1,200000
0,10,3019,1500,1,19,2,998902
0,3,2028,1500,1,21,1,200000
0,38,3001,1500,1,5,2,998827
0,22,3004,1500,1,6,2,998891
0,37,3005,1500,1,49,1,998721
0,30,2021,1500,1,16,2,0
0,9,3013,1500,1,45,1,998772
0,10,3015,1500,1,43,1,998726
0,8,3010,1500,1,42,1,998777
0,204,1000,1500,1,17,1,998787
0,205,1000,1500,1,37,1,998764
0,206,1000,1500,1,18,1,998794
0,207,1000,1500,1,5,1,998767
0,208,1000,1500,1,17,1,998763
0,209,1000,1500,1,38,1,998737
0,210,1000,1500,1,3,1,998744
0,211,1000,1500,1,34,1,998767
0,212,1000,1500,1,14,1,998759
0,213,1000,1500,1,20,1,998784
0,214,1000,1500,1,26,1,998751
0,215,1000,1500,1,45,1,998786
0,216,1000,1500,1,50,1,998741
0,217,1000,1500,1,50,1,998740
0,218,1000,1500,1,35,1,998770
0,219,1000,1500,1,24,1,998791
0,220,1000,1500,1,17,1,998743
0,221,1000,1500,1,23,1,998792
0,222,1000,1500,1,32,1,998786
0,223,1000,1500,1,45,1,998786
0,224,1000,1500,1,18,1,998764
0,225,1000,1500,1,35,1,998786
0,226,1000,1500,1,45,1,998780
0,227,1000,1500,1,5,1,998741
0,228,1000,1500,1,24,1,998778
0,229,1000,1500,1,34,1,998787
0,230,1000,1500,1,38,1,998768
0,231,1000,1500,1,7,1,998796
0,232,1000,1500,1,27,1,998773
0,233,1000,1500,1,48,1,998781
0,234,1000,1500,1,14,1,998757
0,235,1000,1500,1,35,1,998760
0,236,1000,1500,1,21,1,998737
0,237,1000,1500,1,48,1,998795
0,238,1000,1500,1,31,1,998784
0,239,1000,1500,1,47,1,998791
0,240,1000,1500,1,27,1,998764
0,241,1000,1500,1,8,1,998786
0,242,1000,1500,1,42,1,998741
0,243,1000,1500,1,19,1,998748
0,244,1000,1500,1,10,1,998762
0,245,1000,1500,1,18,1,998768
0,246,1000,1500,1,31,1,998777
0,247,1000,1500,1,5,1,998779
0,248,1000,1500,1,7,1,998765
0,249,1000,1500,1,18,1,998760
0,250,1000,1500,1,37,1,998777
0,251,1000,1500,1,43,1,998776
0,252,1000,1500,1,44,1,998739
0,253,1000,1500,1,19,1,998767
0,254,1000,1500,1,11,1,998745
0,255,1000,1500,1,29,1,998745
0,256,1000,1500,1,45,1,998760
0,257,1000,1500,1,37,1,998788
0,258,1000,1500,1,2,1,998739
0,259,1000,1500,1,44,1,998755
0,260,1000,1500,1,20,1,998752
0,261,1000,1500,1,39,1,998762
0,262,1000,1500,1,29,1,998768
0,263,1000,1500,1,45,1,998777
0,252,1000,1500,2,44,1,998739
0,240,1000,1502,2,27,1,998764
0,209,1000,1505,2,38,1,998737
0,227,1000,1506,2,5,1,998741
0,244,1000,1506,2,10,1,998762
0,210,1000,1507,2,3,1,998744
0,208,1000,1507,2,17,1,998763
0,222,1000,1509,2,32,1,998786
0,214,1000,1510,2,26,1,998751
0,231,1000,1510,2,7,1,998796
0,237,1000,1510,2,48,1,998795
0,221,1000,1510,2,23,1,998792
0,223,1000,1511,2,45,1,998786
0,246,1000,1511,2,31,1,998777
0,226,1000,1512,2,45,1,998780
0,217,1000,1512,2,50,1,998740
0,257,1000,1512,2,37,1,998788
0,206,1000,1513,2,18,1,998794
0,225,1000,1514,2,35,1,998786
0,263,1000,1515,2,45,1,998777
0,249,1000,1515,2,18,1,998760
0,233,1000,1515,2,48,1,998781
0,230,1000,1515,2,38,1,998768
0,254,1000,1515,2,11,1,998745
0,205,1000,1516,2,37,1,998764
0,243,1000,1521,2,19,1,998748
0,229,1000,1523,2,34,1,998787
0,211,1000,1523,2,34,1,998767
0,247,1000,1524,2,5,1,998779
0,251,1000,1524,2,43,1,998776
0,213,1000,1524,2,20,1,998784
0,258,1000,1527,2,2,1,998739
0,228,1000,1528,2,24,1,998778
0,242,1000,1528,2,42,1,998741
0,241,1000,1528,2,8,1,998786
0,215,1000,1529,2,45,1,998786
0,207,1000,1529,2,5,1,998767
0,259,1000,1535,2,44,1,998755
0,256,1000,1536,2,45,1,998760
0,245,1000,1536,2,18,1,998768
0,232,1000,1537,2,27,1,998773
0,262,1000,1538,2,29,1,998768
0,253,1000,1539,2,19,1,998767
0,236,1000,1541,2,21,1,998737
0,255,1000,1542,2,29,1,998745
0,224,1000,1545,2,18,1,998764
0,239,1000,1546,2,47,1,998791
0,261,1000,1546,2,39,1,998762
0,235,1000,1548,2,35,1,998760
0,260,1000,1548,2,20,1,998752
0,39,3001,1550,1,29,2,998854
0,31,2021,1550,1,14,1,200000
0,38,3005,1550,1,1,1,998725
0,42,3000,1550,1,44,1,998680
0,219,1000,1556,2,24,1,998791
0,218,1000,1556,2,35,1,998770
0,212,1000,1558,2,14,1,998759
0,248,1000,1560,2,7,1,998765
0,204,1000,1562,2,17,1,998787
0,238,1000,1564,2,31,1,998784
0,216,1000,1567,2,50,1,998741
0,234,1000,1570,2,14,1,998757
0,250,1000,1588,2,37,1,998777
0,23,3004,1600,1,39,2,998917
0,1,2012,1600,1,49,1,200000
0,19,3002,1600,1,20,1,998797
0,4,2045,1600,1,1,1,200000
0,40,3001,1600,1,21,2,998851
0,9,3031,1600,1,6,2,999059
0,29,3014,1600,1,20,1,998791
0,43,3000,1600,1,42,2,999044
0,16,3008,1600,1,4,2,998811
0,8,2019,1600,1,36,2,0
0,8,2036,1600,1,2,2,0
0,32,2021,1600,1,21,1,200000
0,39,3005,1600,1,43,1,998796
0,15,3021,1600,1,27,2,998934
0,8,2034,1600,1,35,2,0
0,220,1000,1622,2,17,1,998743
0,1,2030,1650,1,25,2,0
0,44,3000,1650,1,29,1,998790
0,40,3005,1650,1,1,1,998788
0,11,2014,1650,1,39,2,0
0,7,3016,1650,1,20,1,998751
0,3,2035,1650,1,29,2,0
0,41,3001,1650,1,31,1,998790
0,33,2021,1650,1,7,1,200000
0,13,3037,1650,1,22,1,998775
0,45,3000,1700,1,8,1,998707
0,41,3005,1700,1,37,2,998863
0,24,3004,1700,1,10,1,998764
0,10,3029,1700,1,40,2,998918
0,12,3017,1700,1,39,1,998792
0,2,2038,1700,1,15,1,200000
0,42,3001,1700,1,38,1,998761
0,34,2021,1700,1,25,1,200000
0,30,3014,1700,1,45,1,998781
0,46,3000,1750,1,25,2,998966
0,264,1000,1750,1,32,2,998800
0,265,1000,1750,1,47,2,998842
0,266,1000,1750,1,16,2,998798
0,267,1000,1750,1,26,2,998812
0,268,1000,1750,1,4,2,998841
0,269,1000,1750,1,42,2,998857
0,270,1000,1750,1,18,2,998821
0,271,1000,1750,1,33,2,998829
0,272,1000,1750,1,5,2,998804
0,273,1000,1750,1,18,2,998820
0,274,1000,1750,1,15,2,998799
0,275,1000,1750,1,15,2,998800
0,276,1000,1750,1,48,2,998852
0,277,1000,1750,1,37,2,998846
0,278,1000,1750,1,22,2,998809
0,42,3005,1750,1,31,1,998797
0,1,2043,1750,1,26,2,0
0,17,3033,1750,1,14,1,998772
0,35,2021,1750,1,1,2,0
0,43,3001,1750,1,33,1,998791
0,270,1000,1753,2,18,2,998821
0,278,1000,1753,2,22,2,998809
0,265,1000,1763,2,47,2,998842
0,277,1000,1763,2,37,2,998846
0,273,1000,1767,2,18,2,998820
0,264,1000,1770,2,32,2,998800
0,269,1000,1771,2,42,2,998857
0,271,1000,1776,2,33,2,998829
0,274,1000,1785,2,15,2,998799
0,276,1000,1785,2,48,2,998852
0,275,1000,1799,2,15,2,998800
0,11,3018,1800,1,2,2,998798
0,9,2034,1800,1,32,2,0
0,12,2014,1800,1,49,2,0
0,43,3005,1800,1,48,1,998657
0,9,2019,1800,1,20,2,0
0,10,3013,1800,1,45,1,998746
0,17,3008,1800,1,31,2,998795
0,44,3001,1800,1,9,1,998793
0,31,3014,1800,1,6,2,998825
0,16,3021,1800,1,5,1,998782
0,15,3007,1800,1,3,2,998815
0,1,2040,1800,1,49,1,200000
0,47,3000,1800,1,17,2,998809
0,14,3006,1800,1,12,2,998860
0,9,2036,1800,1,9,2,0
0,4,2037,1800,1,32,2,0
0,25,3004,1800,1,4,1,998763
0,36,2021,1800,1,26,1,200000
0,10,3024,1800,1,47,1,998758
0,268,1000,1805,2,4,2,998841
0,266,1000,1810,2,16,2,998798
0,267,1000,1817,2,26,2,998812
0,272,1000,1831,2,5,2,998804
0,48,3000,1850,1,41,2,998871
0,45,3001,1850,1,10,1,998754
0,37,2021,1850,1,32,1,200000
0,44,3005,1850,1,12,2,998812
0,32,3014,1900,1,18,1,998756
0,26,3004,1900,1,40,2,998797
0,14,3028,1900,1,48,1,998786
0,46,3001,1900,1,32,2,998826
0,45,3005,1900,1,41,1,998789
0,38,2021,1900,1,38,1,200000
0,49,3000,1900,1,20,1,998784
0,12,3036,1900,1,8,2,998802
0,47,3001,1950,1,44,1,998774
0,50,3000,1950,1,43,1,998711
0,13,2014,1950,1,47,1,200000
0,39,2021,1950,1,31,2,0
0,46,3005,1950,1,20,2,998821
0,1,2003,1950,1,28,2,0
0,14,3026,1950,1,20,1,998712
0,9,3022,2000,1,46,1,998715
0,1,2047,2000,1,11,2,0
0,17,3021,2000,1,22,1,998772
0,47,3005,2000,1,35,1,998697
0,10,2036,2000,1,42,1,200000
0,11,3019,2000,1,17,2,998825
0,48,3001,2000,1,46,2,998800
0,51,3000,2000,1,46,1,998713
0,27,3004,2000,1,23,1,998791
0,11,3015,2000,1,2,1,998788
0,20,3002,2000,1,29,1,998789
0,40,2021,2000,1,27,2,0
0,10,2019,2000,1,48,2,0
0,5,2045,2000,1,26,1,200000
0,33,3014,2000,1,17,1,998780
0,4,2028,2000,1,45,2,0
0,9,3010,2000,1,26,1,998788
0,279,1000,2000,1,43,1,998789
0,280,1000,2000,1,30,1,998759
0,281,1000,2000,1,40,1,998793
0,282,1000,2000,1,46,1,998768
0,283,1000,2000,1,20,1,998757
0,284,1000,2000,1,43,1,998738
0,285,1000,2000,1,8,1,998756
0,286,1000,2000,1,38,1,998754
0,287,1000,2000,1,48,1,998744
0,288,1000,2000,1,8,1,998734
0,289,1000,2000,1,49,1,998793
0,290,1000,2000,1,41,1,998767
0,291,1000,2000,1,2,1,998779
0,292,1000,2000,1,12,1,998757
0,293,1000,2000,1,38,1,998757
0,294,1000,2000,1,4,1,998775
0,295,1000,2000,1,20,1,998743
0,296,1000,2000,1,5,1,998773
0,297,1000,2000,1,1,1,998766
0,298,1000,2000,1,39,1,998783
0,299,1000,2000,1,41,1,998777
0,300,1000,2000,1,48,1,998751
0,301,1000,2000,1,6,1,998745
0,302,1000,2000,1,27,1,998739
0,303,1000,2000,1,50,1,998735
0,304,1000,2000,1,27,1,998739
0,305,1000,2000,1,37,1,998792
0,306,1000,2000,1,33,1,998791
0,307,1000,2000,1,19,1,998791
0,308,1000,2000,1,34,1,998774
0,309,1000,2000,1,31,1,998766
0,310,1000,2000,1,11,1,998790
0,311,1000,2000,1,7,1,998745
0,312,1000,2000,1,44,1,998781
0,313,1000,2000,1,22,1,998773
0,314,1000,2000,1,10,1,998753
0,315,1000,2000,1,40,1,998761
0,316,1000,2000,1,2,1,998792
0,317,1000,2000,1,20,1,998772
0,318,1000,2000,1,23,1,998790
0,319,1000,2000,1,15,1,998753
0,320,1000,2000,1,12,1,998789
0,321,1000,2000,1,34,1,998774
0,322,1000,2000,1,25,1,998778
0,323,1000,2000,1,23,1,998780
0,324,1000,2000,1,37,1,998750
0,325,1000,2000,1,22,1,998737
0,326,1000,2000,1,9,1,998765
0,327,1000,2000,1,13,1,998751
0,328,1000,2000,1,1,1,998754
0,329,1000,2000,1,49,1,998774
0,330,1000,2000,1,32,1,998763
0,331,1000,2000,1,29,1,998767
0,332,1000,2000,1,8,1,998768
0,333,1000,2000,1,7,1,998756
0,334,1000,2000,1,45,1,998789
0,335,1000,2000,1,9,1,998763
0,336,1000,2000,1,32,1,998793
0,337,1000,2000,1,3,1,998780
0,338,1000,2000,1,16,1,998740
0,328,1000,2000,2,1,1,998754
0,10,2034,2000,1,44,2,0
0,18,3008,2000,1,46,2,998795
0,295,1000,2001,2,20,1,998743
0,313,1000,2001,2,22,1,998773
0,315,1000,2003,2,40,1,998761
0,332,1000,2003,2,8,1,998768
0,286,1000,2004,2,38,1,998754
0,310,1000,2004,2,11,1,998790
0,304,1000,2005,2,27,1,998739
0,336,1000,2006,2,32,1,998793
0,285,1000,2007,2,8,1,998756
0,298,1000,2007,2,39,1,998783
0,289,1000,2008,2,49,1,998793
0,305,1000,2010,2,37,1,998792
0,325,1000,2010,2,22,1,998737
0,333,1000,2011,2,7,1,998756
0,293,1000,2011,2,38,1,998757
0,288,1000,2012,2,8,1,998734
0,311,1000,2012,2,7,1,998745
0,331,1000,2013,2,29,1,998767
0,291,1000,2014,2,2,1,998779
0,299,1000,2014,2,41,1,998777
0,283,1000,2014,2,20,1,998757
0,296,1000,2015,2,5,1,998773
0,282,1000,2019,2,46,1,998768
0,324,1000,2023,2,37,1,998750
0,326,1000,2023,2,9,1,998765
0,318,1000,2024,2,23,1,998790
0,312,1000,2026,2,44,1,998781
0,320,1000,2027,2,12,1,998789
0,294,1000,2029,2,4,1,998775
0,322,1000,2030,2,25,1,998778
0,317,1000,2031,2,20,1,998772
0,314,1000,2032,2,10,1,998753
0,279,1000,2035,2,43,1,998789
0,300,1000,2036,2,48,1,998751
0,281,1000,2039,2,40,1,998793
0,335,1000,2042,2,9,1,998763
0,334,1000,2043,2,45,1,998789
0,337,1000,2045,2,3,1,998780
0,292,1000,2049,2,12,1,998757
0,1,2032,2050,1,35,2,0
0,52,3000,2050,1,1,1,998750
0,1,2049,2050,1,22,2,0
0,49,3001,2050,1,30,2,998843
0,41,2021,2050,1,18,2,0
0,1,2042,2050,1,41,1,200000
0,48,3005,2050,1,9,2,998794
0,297,1000,2055,2,1,1,998766
0,280,1000,2055,2,30,1,998759
0,303,1000,2059,2,50,1,998735
0,327,1000,2059,2,13,1,998751
0,287,1000,2068,2,48,1,998744
0,319,1000,2069,2,15,1,998753
0,290,1000,2080,2,41,1,998767
0,302,1000,2082,2,27,1,998739
0,307,1000,2082,2,19,1,998791
0,301,1000,2094,2,6,1,998745
0,309,1000,2096,2,31,1,998766
0,338,1000,2097,2,16,1,998740
0,284,1000,2099,2,43,1,998738
0,14,2014,2100,1,42,2,0
0,18,3033,2100,1,33,2,998806
0,316,1000,2100,2,2,1,998792
0,49,3005,2100,1,35,1,998792
0,42,2021,2100,1,33,1,200000
0,3,2022,2100,1,21,1,200000
0,53,3000,2100,1,23,2,998803
0,28,3004,2100,1,30,2,998805
0,11,3013,2100,1,31,2,998808
0,50,3001,2100,1,27,2,998806
0,34,3014,2100,1,13,1,998769
0,330,1000,2103,2,32,1,998763
0,308,1000,2105,2,34,1,998774
0,329,1000,2113,2,49,1,998774
0,323,1000,2135,2,23,1,998780
0,321,1000,2136,2,34,1,998774
0,50,3005,2150,1,38,2,998822
0,54,3000,2150,1,21,1,998787
0,43,2021,2150,1,25,2,0
0,51,3001,2150,1,46,2,998797
0,306,1000,2153,2,33,1,998791
0,51,3005,2200,1,14,1,998781
0,2,2008,2200,1,36,2,0
0,14,3037,2200,1,48,1,998736
0,2,2048,2200,1,18,2,0
0,55,3000,2200,1,26,2,998839
0,14,3027,2200,1,34,1,998695
0,52,3001,2200,1,50,2,998820
0,11,2034,2200,1,9,1,200000
0,2,2007,2200,1,24,2,0
0,4,2035,2200,1,36,1,200000
0,18,3021,2200,1,5,1,998791
0,11,2036,2200,1,1,1,200000
0,35,3014,2200,1,19,1,998660
0,11,2019,2200,1,17,2,0
0,19,3008,2200,1,36,2,998821
0,29,3004,2200,1,20,1,998788
0,44,2021,2200,1,50,2,0
0,12,3035,2250,1,41,2,998823
0,15,3006,2250,1,11,1,998781
0,5,2037,2250,1,7,1,200000
0,56,3000,2250,1,43,2,998804
0,52,3005,2250,1,3,2,998958
0,339,1000,2250,1,28,1,998732
0,340,1000,2250,1,2,1,998745
0,341,1000,2250,1,34,1,998736
0,342,1000,2250,1,8,1,998786
0,343,1000,2250,1,30,1,998778
0,344,1000,2250,1,15,1,998754
0,345,1000,2250,1,28,1,998749
0,346,1000,2250,1,36,1,998762
0,347,1000,2250,1,49,1,998758
0,348,1000,2250,1,7,1,998788
0,349,1000,2250,1,1,1,998783
0,350,1000,2250,1,5,1,998781
0,351,1000,2250,1,32,1,998746
0,352,1000,2250,1,1,1,998743
0,353,1000,2250,1,31,1,998773
0,354,1000,2250,1,12,1,998735
0,355,1000,2250,1,34,1,998746
0,356,1000,2250,1,32,1,998780
0,357,1000,2250,1,15,1,998772
0,358,1000,2250,1,18,1,998774
0,359,1000,2250,1,36,1,998758
0,360,1000,2250,1,22,1,998756
0,361,1000,2250,1,32,1,998765
0,362,1000,2250,1,40,1,998749
0,363,1000,2250,1,25,1,998751
0,364,1000,2250,1,20,1,998775
0,365,1000,2250,1,1,1,998753
0,366,1000,2250,1,3,1,998792
0,367,1000,2250,1,46,1,998738
0,368,1000,2250,1,48,1,998787
0,369,1000,2250,1,28,1,998759
0,370,1000,2250,1,45,1,998732
0,371,1000,2250,1,25,1,998743
0,372,1000,2250,1,7,1,998777
0,373,1000,2250,1,32,1,998734
0,374,1000,2250,1,47,1,998738
0,375,1000,2250,1,21,1,998788
0,376,1000,2250,1,11,1,998759
0,377,1000,2250,1,20,1,998769
0,378,1000,2250,1,29,1,998738
0,379,1000,2250,1,38,1,998741
0,380,1000,2250,1,22,1,998770
0,381,1000,2250,1,17,1,998766
0,382,1000,2250,1,29,1,998737
0,383,1000,2250,1,12,1,998782
0,384,1000,2250,1,42,1,998743
0,385,1000,2250,1,43,1,998777
0,386,1000,2250,1,7,1,998774
0,387,1000,2250,1,45,1,998766
0,388,1000,2250,1,46,1,998777
0,389,1000,2250,1,1,1,998753
0,390,1000,2250,1,28,1,998738
0,391,1000,2250,1,3,1,998777
0,392,1000,2250,1,5,1,998774
0,393,1000,2250,1,20,1,998764
0,394,1000,2250,1,10,1,998760
0,395,1000,2250,1,20,1,998764
0,396,1000,2250,1,20,1,998736
0,397,1000,2250,1,29,1,998733
0,398,1000,2250,1,41,1,998768
0,375,1000,2250,2,21,1,998788
0,361,1000,2250,2,32,1,998765
0,45,2021,2250,1,37,1,200000
0,15,2014,2250,1,4,2,0
0,53,3001,2250,1,13,1,998704
0,371,1000,2251,2,25,1,998743
0,348,1000,2252,2,7,1,998788
0,370,1000,2252,2,45,1,998732
0,364,1000,2253,2,20,1,998775
0,340,1000,2254,2,2,1,998745
0,345,1000,2254,2,28,1,998749
0,396,1000,2255,2,20,1,998736
0,392,1000,2257,2,5,1,998774
0,389,1000,2257,2,1,1,998753
0,378,1000,2257,2,29,1,998738
0,382,1000,2258,2,29,1,998737
0,381,1000,2258,2,17,1,998766
0,383,1000,2259,2,12,1,998782
0,379,1000,2259,2,38,1,998741
0,354,1000,2260,2,12,1,998735
0,366,1000,2260,2,3,1,998792
0,350,1000,2262,2,5,1,998781
0,376,1000,2265,2,11,1,998759
0,386,1000,2265,2,7,1,998774
0,391,1000,2267,2,3,1,998777
0,346,1000,2267,2,36,1,998762
0,359,1000,2267,2,36,1,998758
0,385,1000,2267,2,43,1,998777
0,343,1000,2275,2,30,1,998778
0,387,1000,2278,2,45,1,998766
0,352,1000,2278,2,1,1,998743
0,394,1000,2278,2,10,1,998760
0,357,1000,2279,2,15,1,998772
0,372,1000,2279,2,7,1,998777
0,367,1000,2281,2,46,1,998738
0,368,1000,2281,2,48,1,998787
0,395,1000,2284,2,20,1,998764
0,339,1000,2285,2,28,1,998732
0,349,1000,2287,2,1,1,998783
0,363,1000,2288,2,25,1,998751
0,353,1000,2288,2,31,1,998773
0,397,1000,2288,2,29,1,998733
0,373,1000,2288,2,32,1,998734
0,362,1000,2289,2,40,1,998749
0,388,1000,2289,2,46,1,998777
0,398,1000,2291,2,41,1,998768
0,390,1000,2291,2,28,1,998738
0,351,1000,2292,2,32,1,998746
0,377,1000,2293,2,20,1,998769
0,369,1000,2298,2,28,1,998759
0,358,1000,2299,2,18,1,998774
0,57,3000,2300,1,47,1,998719
0,53,3005,2300,1,35,1,998726
0,30,3004,2300,1,14,2,998817
0,36,3014,2300,1,30,1,998736
0,365,1000,2300,2,1,1,998753
0,54,3001,2300,1,14,2,998804
0,46,2021,2300,1,9,2,0
0,342,1000,2305,2,8,1,998786
0,344,1000,2305,2,15,1,998754
0,347,1000,2310,2,49,1,998758
0,360,1000,2314,2,22,1,998756
0,384,1000,2316,2,42,1,998743
0,355,1000,2323,2,34,1,998746
0,341,1000,2323,2,34,1,998736
0,356,1000,2333,2,32,1,998780
0,58,3000,2350,1,23,2,998795
0,47,2021,2350,1,39,1,200000
0,55,3001,2350,1,17,1,998765
0,54,3005,2350,1,47,1,998765
0,374,1000,2371,2,47,1,998738
0,393,1000,2389,2,20,1,998764
0,21,3002,2400,1,34,1,998778
0,12,3013,2400,1,11,2,998797
0,12,2036,2400,1,13,2,0
0,16,2014,2400,1,35,1,200000
0,1,2024,2400,1,32,2,0
0,37,3014,2400,1,45,1,998674
0,16,3007,2400,1,30,1,998589
0,6,2045,2400,1,16,1,200000
0,12,2034,2400,1,29,1,200000
0,10,3031,2400,1,30,2,998803
0,56,3001,2400,1,1,2,998813
0,12,2019,2400,1,7,1,200000
0,19,3021,2400,1,40,2,998806
0,55,3005,2400,1,33,1,998720
0,59,3000,2400,1,29,1,998710
0,31,3004,2400,1,14,2,998805
0,20,3008,2400,1,13,2,998806
0,48,2021,2400,1,27,2,0
0,380,1000,2410,2,22,1,998770
0,56,3005,2450,1,41,2,998829
0,60,3000,2450,1,35,2,998798
0,49,2021,2450,1,15,1,200000
0,19,3033,2450,1,4,1,998784
0,57,3001,2450,1,22,1,998670
0,12,3019,2500,1,4,2,998813
0,10,3010,2500,1,7,1,998734
0,32,3004,2500,1,25,1,998785
0,12,3003,2500,1,25,2,998796
0,38,3014,2500,1,29,2,998844
0,58,3001,2500,1,46,2,998872
0,61,3000,2500,1,32,2,998924
0,13,3011,2500,1,16,2,998807
0,399,1000,2500,1,25,1,998734
0,400,1000,2500,1,32,1,998786
0,401,1000,2500,1,33,1,998746
0,402,1000,2500,1,8,1,998766
0,403,1000,2500,1,19,1,998780
0,404,1000,2500,1,33,1,998731
0,405,1000,2500,1,5,1,998766
0,406,1000,2500,1,22,1,998761
0,407,1000,2500,1,10,1,998762
0,408,1000,2500,1,7,1,998742
0,409,1000,2500,1,42,1,998787
0,410,1000,2500,1,8,1,998777
0,411,1000,2500,1,18,1,998736
0,412,1000,2500,1,36,1,998765
0,413,1000,2500,1,42,1,998762
0,414,1000,2500,1,2,1,998737
0,415,1000,2500,1,46,1,998742
0,416,1000,2500,1,21,1,998744
0,417,1000,2500,1,47,1,998780
0,418,1000,2500,1,29,1,998735
0,419,1000,2500,1,10,1,998769
0,420,1000,2500,1,34,1,998759
0,421,1000,2500,1,46,1,998762
0,422,1000,2500,1,21,1,998763
0,423,1000,2500,1,43,1,998775
0,424,1000,2500,1,17,1,998743
0,425,1000,2500,1,28,1,998737
0,426,1000,2500,1,50,1,998747
0,427,1000,2500,1,37,1,998747
0,428,1000,2500,1,5,1,998790
0,429,1000,2500,1,29,1,998742
0,430,1000,2500,1,24,1,998783
0,431,1000,2500,1,1,1,998742
0,432,1000,2500,1,22,1,998760
0,433,1000,2500,1,6,1,998738
0,434,1000,2500,1,8,1,998773
0,435,1000,2500,1,3,1,998780
0,436,1000,2500,1,2,1,998772
0,437,1000,2500,1,20,1,998743
0,438,1000,2500,1,8,1,998780
0,439,1000,2500,1,48,1,998760
0,440,1000,2500,1,15,1,998790
0,441,1000,2500,1,13,1,998737
0,442,1000,2500,1,47,1,998759
0,443,1000,2500,1,36,1,998778
0,444,1000,2500,1,42,1,998768
0,445,1000,2500,1,1,1,998790
0,446,1000,2500,1,6,1,998769
0,447,1000,2500,1,21,1,998766
0,448,1000,2500,1,3,1,998777
0,449,1000,2500,1,47,1,998758
0,450,1000,2500,1,4,1,998777
0,451,1000,2500,1,44,1,998749
0,452,1000,2500,1,41,1,998750
0,453,1000,2500,1,46,1,998740
0,454,1000,2500,1,9,1,998776
0,455,1000,2500,1,12,1,998781
0,456,1000,2500,1,37,1,998790
0,457,1000,2500,1,21,1,998766
0,458,1000,2500,1,36,1,998770
0,409,1000,2500,2,42,1,998787
0,432,1000,2500,2,22,1,998760
0,12,3015,2500,1,23,1,998773
0,57,3005,2500,1,17,2,998797
0,5,2028,2500,1,12,1,200000
0,50,2021,2500,1,48,1,200000
0,410,1000,2502,2,8,1,998777
0,450,1000,2503,2,4,1,998777
0,437,1000,2504,2,20,1,998743
0,448,1000,2504,2,3,1,998777
0,427,1000,2504,2,37,1,998747
0,426,1000,2504,2,50,1,998747
0,428,1000,2505,2,5,1,998790
0,414,1000,2505,2,2,1,998737
0,412,1000,2505,2,36,1,998765
0,425,1000,2506,2,28,1,998737
0,442,1000,2506,2,47,1,998759
0,416,1000,2507,2,21,1,998744
0,444,1000,2507,2,42,1,998768
0,418,1000,2508,2,29,1,998735
0,453,1000,2509,2,46,1,998740
0,446,1000,2509,2,6,1,998769
0,399,1000,2510,2,25,1,998734
0,440,1000,2511,2,15,1,998790
0,423,1000,2512,2,43,1,998775
0,433,1000,2512,2,6,1,998738
0,419,1000,2515,2,10,1,998769
0,417,1000,2515,2,47,1,998780
0,405,1000,2517,2,5,1,998766
0,434,1000,2517,2,8,1,998773
0,421,1000,2519,2,46,1,998762
0,413,1000,2520,2,42,1,998762
0,404,1000,2520,2,33,1,998731
0,408,1000,2522,2,7,1,998742
0,456,1000,2525,2,37,1,998790
0,403,1000,2527,2,19,1,998780
0,457,1000,2527,2,21,1,998766
0,435,1000,2528,2,3,1,998780
0,443,1000,2529,2,36,1,998778
0,415,1000,2530,2,46,1,998742
0,407,1000,2532,2,10,1,998762
0,454,1000,2535,2,9,1,998776
0,400,1000,2538,2,32,1,998786
0,422,1000,2539,2,21,1,998763
0,420,1000,2539,2,34,1,998759
0,411,1000,2545,2,18,1,998736
0,451,1000,2545,2,44,1,998749
0,452,1000,2546,2,41,1,998750
0,62,3000,2550,1,37,2,998881
0,51,2021,2550,1,45,1,200000
0,59,3001,2550,1,46,1,998791
0,13,3017,2550,1,10,1,998773
0,11,3029,2550,1,39,2,998792
0,58,3005,2550,1,9,1,998758
0,17,2014,2550,1,30,1,200000
0,3,2038,2550,1,27,2,0
0,424,1000,2557,2,17,1,998743
0,429,1000,2558,2,29,1,998742
0,402,1000,2559,2,8,1,998766
0,430,1000,2560,2,24,1,998783
0,436,1000,2561,2,2,1,998772
0,401,1000,2563,2,33,1,998746
0,406,1000,2577,2,22,1,998761
0,438,1000,2586,2,8,1,998780
0,455,1000,2587,2,12,1,998781
0,445,1000,2587,2,1,1,998790
0,441,1000,2590,2,13,1,998737
0,458,1000,2590,2,36,1,998770
0,59,3005,2600,1,40,1,998784
0,39,3014,2600,1,10,1,998791
0,60,3001,2600,1,13,2,998860
0,2,2005,2600,1,28,2,0
0,21,3008,2600,1,4,2,998958
0,13,2019,2600,1,17,2,0
0,13,2036,2600,1,4,1,200000
0,33,3004,2600,1,48,1,998754
0,52,2021,2600,1,19,2,0
0,20,3021,2600,1,45,1,998709
0,63,3000,2600,1,20,2,998876
0,15,3026,2600,1,39,2,999090
0,13,2034,2600,1,5,1,200000
0,449,1000,2607,2,47,1,998758
0,447,1000,2614,2,21,1,998766
0,64,3000,2650,1,36,1,998780
0,61,3001,2650,1,37,2,998979
0,53,2021,2650,1,41,1,200000
0,60,3005,2650,1,48,2,998849
0,431,1000,2654,2,1,1,998742
0,34,3004,2700,1,24,2,998835
0,18,2014,2700,1,10,2,0
0,16,3006,2700,1,12,1,998789
0,11,3024,2700,1,18,2,998957
0,65,3000,2700,1,8,2,998817
0,6,2037,2700,1,5,2,0
0,54,2021,2700,1,29,1,200000
0,12,3018,2700,1,34,1,998632
0,40,3014,2700,1,16,1,998771
0,62,3001,2700,1,16,1,998607
0,13,3013,2700,1,12,1,998790
0,61,3005,2700,1,42,1,998791
0,439,1000,2707,2,48,1,998760
0,62,3005,2750,1,35,1,998656
0,459,1000,2750,1,42,2,998812
0,460,1000,2750,1,1,2,998792
0,461,1000,2750,1,6,2,998821
0,462,1000,2750,1,19,2,998829
0,463,1000,2750,1,46,2,998848
0,464,1000,2750,1,19,2,998823
0,465,1000,2750,1,5,2,998795
0,466,1000,2750,1,8,2,998831
0,467,1000,2750,1,46,2,998839
0,468,1000,2750,1,8,2,998852
0,469,1000,2750,1,29,2,998818
0,470,1000,2750,1,13,2,998849
0,471,1000,2750,1,23,2,998811
0,472,1000,2750,1,20,2,998835
0,473,1000,2750,1,45,2,998842
0,474,1000,2750,1,48,2,998851
0,475,1000,2750,1,16,2,998821
0,476,1000,2750,1,41,2,998797
0,477,1000,2750,1,20,2,998844
0,478,1000,2750,1,10,2,998822
0,479,1000,2750,1,41,2,998792
0,480,1000,2750,1,30,2,998829
0,481,1000,2750,1,33,2,998804
0,482,1000,2750,1,15,2,998818
0,483,1000,2750,1,46,2,998839
0,484,1000,2750,1,28,2,998847
0,485,1000,2750,1,19,2,998837
0,486,1000,2750,1,4,2,998849
0,487,1000,2750,1,24,2,998848
0,475,1000,2750,2,16,2,998821
0,66,3000,2750,1,16,2,998836
0,15,3037,2750,1,21,1,998756
0,55,2021,2750,1,22,1,200000
0,5,2035,2750,1,3,2,0
0,63,3001,2750,1,47,1,998753
0,463,1000,2754,2,46,2,998848
0,485,1000,2756,2,19,2,998837
0,468,1000,2758,2,8,2,998852
0,464,1000,2759,2,19,2,998823
0,462,1000,2760,2,19,2,998829
0,467,1000,2763,2,46,2,998839
0,469,1000,2765,2,29,2,998818
0,466,1000,2766,2,8,2,998831
0,483,1000,2767,2,46,2,998839
0,486,1000,2769,2,4,2,998849
0,487,1000,2773,2,24,2,998848
0,473,1000,2777,2,45,2,998842
0,476,1000,2778,2,41,2,998797
0,482,1000,2780,2,15,2,998818
0,460,1000,2781,2,1,2,998792
0,459,1000,2785,2,42,2,998812
0,479,1000,2794,2,41,2,998792
0,461,1000,2797,2,6,2,998821
0,477,1000,2797,2,20,2,998844
0,471,1000,2798,2,23,2,998811
0,14,2019,2800,1,27,1,200000
0,22,3008,2800,1,8,2,999018
0,2,2031,2800,1,19,2,0
0,14,2036,2800,1,14,1,200000
0,63,3005,2800,1,16,2,998823
0,7,2045,2800,1,22,1,200000
0,4,2022,2800,1,31,2,0
0,14,2034,2800,1,44,1,200000
0,2,2015,2800,1,21,1,200000
0,56,2021,2800,1,29,2,0
0,35,3004,2800,1,15,1,998665
0,41,3014,2800,1,38,2,998803
0,20,3033,2800,1,48,1,998731
0,64,3001,2800,1,19,2,998797
0,21,3021,2800,1,40,2,998821
0,22,3002,2800,1,50,1,998785
0,67,3000,2800,1,46,2,998831
0,481,1000,2814,2,33,2,998804
0,480,1000,2825,2,30,2,998829
0,474,1000,2826,2,48,2,998851
0,478,1000,2835,2,10,2,998822
0,484,1000,2843,2,28,2,998847
0,13,3036,2850,1,27,2,998793
0,15,3028,2850,1,37,1,998742
0,19,2014,2850,1,17,1,200000
0,65,3001,2850,1,46,1,998790
0,57,2021,2850,1,18,1,200000
0,68,3000,2850,1,5,1,998769
0,64,3005,2850,1,48,1,998790
0,472,1000,2855,2,20,2,998835
0,66,3001,2900,1,1,1,998637
0,58,2021,2900,1,39,2,0
0,13,3012,2900,1,4,1,998786
0,36,3004,2900,1,42,2,999106
0,11,3032,2900,1,10,1,998622
0,65,3005,2900,1,12,1,998789
0,42,3014,2900,1,32,2,998818
0,69,3000,2900,1,25,2,998798
0,66,3005,2950,1,27,2,998793
0,67,3001,2950,1,29,2,999249
0,70,3000,2950,1,35,1,998710
0,59,2021,2950,1,36,1,200000
0,470,1000,2950,2,13,2,998849
0,465,1000,2965,2,5,2,998795
0,43,3014,3000,1,7,2,998839
0,17,3007,3000,1,7,2,998893
0,15,2019,3000,1,18,1,200000
0,67,3005,3000,1,22,1,998734
0,68,3001,3000,1,2,2,998791
0,22,3021,3000,1,23,2,998802
0,13,3015,3000,1,21,1,998768
0,60,2021,3000,1,2,1,200000
0,20,2014,3000,1,35,2,0
0,6,2028,3000,1,45,1,200000
0,15,2036,3000,1,33,1,200000
0,37,3004,3000,1,49,2,998887
0,14,3013,3000,1,5,1,998783
0,1,2016,3000,1,45,1,200000
0,488,1000,3000,1,8,1,998777
0,489,1000,3000,1,22,1,998776
0,490,1000,3000,1,7,1,998755
0,491,1000,3000,1,4,1,998740
0,492,1000,3000,1,21,1,998775
0,493,1000,3000,1,30,1,998736
0,494,1000,3000,1,48,1,998764
0,495,1000,3000,1,24,1,998782
0,496,1000,3000,1,33,1,998741
0,497,1000,3000,1,50,1,998766
0,498,1000,3000,1,34,1,998757
0,499,1000,3000,1,1,1,998775
0,500,1000,3000,1,12,1,998763
0,501,1000,3000,1,33,1,998770
0,502,1000,3000,1,36,1,998776
0,503,1000,3000,1,25,1,998734
0,504,1000,3000,1,45,1,998764
0,505,1000,3000,1,11,1,998772
0,506,1000,3000,1,33,1,998786
0,507,1000,3000,1,18,1,998754
0,508,1000,3000,1,40,1,998752
0,509,1000,3000,1,42,1,998779
0,510,1000,3000,1,37,1,998734
0,511,1000,3000,1,2,1,998738
0,512,1000,3000,1,46,1,998773
0,513,1000,3000,1,32,1,998781
0,514,1000,3000,1,6,1,998784
0,515,1000,3000,1,28,1,998753
0,516,1000,3000,1,45,1,998752
0,517,1000,3000,1,39,1,998785
0,518,1000,3000,1,11,1,998788
0,519,1000,3000,1,41,1,998789
0,520,1000,3000,1,11,1,998752
0,521,1000,3000,1,28,1,998735
0,522,1000,3000,1,48,1,998759
0,523,1000,3000,1,49,1,998751
0,524,1000,3000,1,33,1,998790
0,525,1000,3000,1,13,1,998752
0,526,1000,3000,1,20,1,998789
0,527,1000,3000,1,31,1,998770
0,528,1000,3000,1,15,1,998762
0,529,1000,3000,1,17,1,998739
0,530,1000,3000,1,16,1,998749
0,531,1000,3000,1,13,1,998768
0,532,1000,3000,1,34,1,998760
0,533,1000,3000,1,37,1,998780
0,534,1000,3000,1,48,1,998739
0,535,1000,3000,1,10,1,998743
0,536,1000,3000,1,22,1,998758
0,537,1000,3000,1,29,1,998779
0,538,1000,3000,1,17,1,998764
0,539,1000,3000,1,17,1,998735
0,540,1000,3000,1,3,1,998737
0,541,1000,3000,1,26,1,998783
0,542,1000,3000,1,32,1,998752
0,543,1000,3000,1,14,1,998739
0,544,1000,3000,1,2,1,998745
0,545,1000,3000,1,33,1,998734
0,546,1000,3000,1,1,1,998732
0,547,1000,3000,1,26,1,998770
0,526,1000,3000,2,20,1,998789
0,523,1000,3000,2,49,1,998751
0,23,3008,3000,1,32,1,998767
0,71,3000,3000,1,7,1,998721
0,13,3019,3000,1,18,1,998789
0,11,3010,3000,1,9,2,998830
0,15,2034,3000,1,45,1,200000
0,525,1000,3001,2,13,1,998752
0,541,1000,3001,2,26,1,998783
0,539,1000,3001,2,17,1,998735
0,547,1000,3002,2,26,1,998770
0,501,1000,3002,2,33,1,998770
0,514,1000,3003,2,6,1,998784
0,492,1000,3003,2,21,1,998775
0,543,1000,3004,2,14,1,998739
0,528,1000,3007,2,15,1,998762
0,524,1000,3007,2,33,1,998790
0,527,1000,3008,2,31,1,998770
0,535,1000,3011,2,10,1,998743
0,540,1000,3013,2,3,1,998737
0,502,1000,3013,2,36,1,998776
0,500,1000,3014,2,12,1,998763
0,507,1000,3014,2,18,1,998754
0,490,1000,3016,2,7,1,998755
0,499,1000,3017,2,1,1,998775
0,518,1000,3017,2,11,1,998788
0,517,1000,3020,2,39,1,998785
0,493,1000,3022,2,30,1,998736
0,494,1000,3025,2,48,1,998764
0,520,1000,3027,2,11,1,998752
0,531,1000,3029,2,13,1,998768
0,515,1000,3030,2,28,1,998753
0,491,1000,3030,2,4,1,998740
0,513,1000,3031,2,32,1,998781
0,516,1000,3034,2,45,1,998752
0,512,1000,3035,2,46,1,998773
0,546,1000,3035,2,1,1,998732
0,510,1000,3036,2,37,1,998734
0,529,1000,3037,2,17,1,998739
0,533,1000,3040,2,37,1,998780
0,504,1000,3040,2,45,1,998764
0,544,1000,3042,2,2,1,998745
0,489,1000,3047,2,22,1,998776
0,505,1000,3049,2,11,1,998772
0,506,1000,3049,2,33,1,998786
0,13,3034,3050,1,46,2,998815
0,72,3000,3050,1,50,2,998793
0,61,2021,3050,1,33,1,200000
0,69,3001,3050,1,5,1,998615
0,68,3005,3050,1,21,1,998789
0,532,1000,3052,2,34,1,998760
0,542,1000,3053,2,32,1,998752
0,488,1000,3054,2,8,1,998777
0,508,1000,3056,2,40,1,998752
0,536,1000,3058,2,22,1,998758
0,545,1000,3059,2,33,1,998734
0,537,1000,3062,2,29,1,998779
0,521,1000,3075,2,28,1,998735
0,495,1000,3078,2,24,1,998782
0,509,1000,3078,2,42,1,998779
0,534,1000,3079,2,48,1,998739
0,511,1000,3081,2,2,1,998738
0,530,1000,3081,2,16,1,998749
0,538,1000,3085,2,17,1,998764
0,522,1000,3090,2,48,1,998759
0,503,1000,3093,2,25,1,998734
0,519,1000,3093,2,41,1,998789
0,497,1000,3094,2,50,1,998766
0,62,2021,3100,1,44,2,0
0,69,3005,3100,1,28,1,998730
0,38,3004,3100,1,4,1,998741
0,73,3000,3100,1,9,2,998873
0,70,3001,3100,1,45,1,998781
0,44,3014,3100,1,48,2,998979
0,496,1000,3104,2,33,1,998741
0,498,1000,3146,2,34,1,998757
0,74,3000,3150,1,8,2,998813
0,21,3033,3150,1,12,2,998903
0,17,3006,3150,1,35,1,998727
0,7,2037,3150,1,11,2,0
0,21,2014,3150,1,45,2,0
0,63,2021,3150,1,24,1,200000
0,70,3005,3150,1,12,2,998854
0,71,3001,3150,1,46,1,998769
0,64,2021,3200,1,44,2,0
0,24,3008,3200,1,44,2,998817
0,2,2012,3200,1,49,2,0
0,71,3005,3200,1,31,1,998633
0,11,3031,3200,1,44,2,998858
0,45,3014,3200,1,46,1,998783
0,16,2034,3200,1,11,2,0
0,12,3020,3200,1,2,2,998804
0,23,3002,3200,1,25,1,998696
0,75,3000,3200,1,41,2,998819
0,8,2045,3200,1,43,2,0
0,23,3021,3200,1,34,2,998820
0,72,3001,3200,1,21,2,998809
0,16,2019,3200,1,7,1,200000
0,39,3004,3200,1,28,2,998928
0,16,2036,3200,1,47,1,200000
0,76,3000,3250,1,32,2,998872
0,73,3001,3250,1,15,2,998815
0,16,3026,3250,1,48,1,998790
0,65,2021,3250,1,20,2,0
0,72,3005,3250,1,46,2,998801
0,548,1000,3250,1,18,2,998799
0,549,1000,3250,1,43,2,998801
0,550,1000,3250,1,10,2,998816
0,551,1000,3250,1,8,2,998834
0,552,1000,3250,1,38,2,998822
0,553,1000,3250,1,24,2,998819
0,554,1000,3250,1,46,2,998799
0,555,1000,3250,1,48,2,998831
0,556,1000,3250,1,25,2,998813
0,557,1000,3250,1,1,2,998797
0,558,1000,3250,1,12,2,998812
0,559,1000,3250,1,13,2,998802
0,560,1000,3250,1,41,2,998820
0,561,1000,3250,1,7,2,998836
0,562,1000,3250,1,24,2,998829
0,563,1000,3250,1,19,2,998796
0,564,1000,3250,1,44,2,998812
0,565,1000,3250,1,32,2,998817
0,566,1000,3250,1,31,2,998823
0,567,1000,3250,1,34,2,998820
0,568,1000,3250,1,45,2,998821
0,1,2026,3250,1,22,2,0
0,548,1000,3252,2,18,2,998799
0,565,1000,3253,2,32,2,998817
0,554,1000,3257,2,46,2,998799
0,567,1000,3257,2,34,2,998820
0,564,1000,3259,2,44,2,998812
0,568,1000,3260,2,45,2,998821
0,549,1000,3263,2,43,2,998801
0,552,1000,3265,2,38,2,998822
0,553,1000,3269,2,24,2,998819
0,550,1000,3269,2,10,2,998816
0,561,1000,3274,2,7,2,998836
0,562,1000,3274,2,24,2,998829
0,551,1000,3275,2,8,2,998834
0,555,1000,3280,2,48,2,998831
0,556,1000,3282,2,25,2,998813
0,563,1000,3288,2,19,2,998796
0,73,3005,3300,1,18,2,998839
0,8,3016,3300,1,38,2,998865
0,66,2021,3300,1,18,2,0
0,2,2030,3300,1,33,1,200000
0,3,2048,3300,1,27,2,0
0,16,3037,3300,1,49,1,998781
0,3,2008,3300,1,9,2,0
0,22,2014,3300,1,42,2,0
0,46,3014,3300,1,44,1,998784
0,77,3000,3300,1,5,1,998644
0,3,2007,3300,1,42,2,0
0,15,3013,3300,1,14,1,998761
0,40,3004,3300,1,34,2,998796
0,74,3001,3300,1,45,2,998794
0,6,2035,3300,1,3,1,200000
0,560,1000,3309,2,41,2,998820
0,558,1000,3310,2,12,2,998812
0,559,1000,3326,2,13,2,998802
0,557,1000,3337,2,1,2,998797
0,566,1000,3339,2,31,2,998823
0,75,3001,3350,1,25,1,998780
0,74,3005,3350,1,21,1,998782
0,1,2023,3350,1,35,1,200000
0,67,2021,3350,1,23,2,0
0,78,3000,3350,1,39,1,998711
0,24,3021,3400,1,28,2,998863
0,17,2036,3400,1,50,2,0
0,41,3004,3400,1,32,1,998758
0,14,3017,3400,1,46,1,998732
0,12,3029,3400,1,39,1,998750
0,68,2021,3400,1,42,1,200000
0,75,3005,3400,1,44,2,998795
0,76,3001,3400,1,17,1,998750
0,47,3014,3400,1,10,2,998824
0,17,2034,3400,1,31,2,0
0,4,2038,3400,1,44,2,0
0,17,2019,3400,1,47,2,0
0,25,3008,3400,1,6,2,998829
0,79,3000,3400,1,49,2,998838
0,23,2014,3450,1,23,1,200000
0,76,3005,3450,1,16,2,998841
0,77,3001,3450,1,42,1,998779
0,80,3000,3450,1,3,2,998789
0,12,3030,3450,1,46,1,998771
0,69,2021,3450,1,48,1,200000
0,78,3001,3500,1,27,2,998884
0,77,3005,3500,1,8,1,998627
0,7,2028,3500,1,3,1,200000
0,12,3010,3500,1,27,1,998753
0,48,3014,3500,1,6,2,998789
0,81,3000,3500,1,29,2,998930
0,5,2022,3500,1,26,1,200000
0,14,3019,3500,1,5,1,998737
0,14,3015,3500,1,28,1,998732
0,70,2021,3500,1,17,1,200000
0,2,2043,3500,1,7,2,0
0,42,3004,3500,1,14,1,998759
0,22,3033,3500,1,17,2,998802
0,569,1000,3500,1,43,2,998844
0,570,1000,3500,1,13,2,998810
0,571,1000,3500,1,26,2,998807
0,572,1000,3500,1,9,2,998824
0,573,1000,3500,1,31,2,998827
0,574,1000,3500,1,14,2,998803
0,575,1000,3500,1,13,2,998807
0,576,1000,3500,1,26,2,998815
0,577,1000,3500,1,39,2,998825
0,578,1000,3500,1,31,2,998818
0,579,1000,3500,1,40,2,998793
0,580,1000,3500,1,48,2,998802
0,581,1000,3500,1,8,2,998835
0,582,1000,3500,1,6,2,998811
0,583,1000,3500,1,38,2,998834
0,584,1000,3500,1,9,2,998840
0,585,1000,3500,1,18,2,998845
0,586,1000,3500,1,38,2,998815
0,587,1000,3500,1,5,2,998806
0,588,1000,3500,1,3,2,998846
0,589,1000,3500,1,20,2,998824
0,580,1000,3505,2,48,2,998802
0,584,1000,3505,2,9,2,998840
0,578,1000,3506,2,31,2,998818
0,577,1000,3508,2,39,2,998825
0,581,1000,3509,2,8,2,998835
0,570,1000,3514,2,13,2,998810
0,574,1000,3516,2,14,2,998803
0,576,1000,3518,2,26,2,998815
0,589,1000,3531,2,20,2,998824
0,579,1000,3532,2,40,2,998793
0,572,1000,3533,2,9,2,998824
0,573,1000,3534,2,31,2,998827
0,583,1000,3537,2,38,2,998834
0,582,1000,3540,2,6,2,998811
0,571,1000,3542,2,26,2,998807
0,569,1000,3547,2,43,2,998844
0,78,3005,3550,1,50,2,998804
0,71,2021,3550,1,2,2,0
0,82,3000,3550,1,16,1,998788
0,79,3001,3550,1,50,2,998790
0,575,1000,3566,2,13,2,998807
0,586,1000,3572,2,38,2,998815
0,587,1000,3593,2,5,2,998806
0,585,1000,3593,2,18,2,998845
0,18,2036,3600,1,14,2,0
0,43,3004,3600,1,13,1,998616
0,18,3007,3600,1,35,1,998786
0,2,2040,3600,1,33,2,0
0,26,3008,3600,1,16,1,998780
0,18,2019,3600,1,2,1,200000
0,18,3006,3600,1,46,1,998759
0,8,2037,3600,1,40,2,0
0,49,3014,3600,1,6,2,998795
0,13,3018,3600,1,49,1,998767
0,24,3002,3600,1,9,2,998799
0,25,3021,3600,1,26,2,998812
0,83,3000,3600,1,5,2,998821
0,80,3001,3600,1,46,1,998787
0,79,3005,3600,1,48,1,998698
0,16,3013,3600,1,19,2,998794
0,9,2045,3600,1,32,2,0
0,24,2014,3600,1,30,2,0
0,72,2021,3600,1,21,1,200000
0,12,3024,3600,1,25,1,998755
0,18,2034,3600,1,26,1,200000
0,588,1000,3648,2,3,2,998846
0,73,2021,3650,1,49,1,200000
0,81,3001,3650,1,35,1,998721
0,1,2044,3650,1,45,1,200000
0,84,3000,3650,1,28,2,998841
0,80,3005,3650,1,15,2,998800
0,10,3023,3700,1,43,2,998862
0,44,3004,3700,1,9,2,998857
0,85,3000,3700,1,50,2,998794
0,50,3014,3700,1,8,2,999068
0,82,3001,3700,1,1,2,998800
0,1,2009,3700,1,38,1,200000
0,81,3005,3700,1,14,2,998857
0,74,2021,3700,1,46,2,0
0,83,3001,3750,1,15,1,998787
0,75,2021,3750,1,36,2,0
0,13,3003,3750,1,35,2,998791
0,590,1000,3750,1,12,1,998787
0,591,1000,3750,1,46,1,998740
0,592,1000,3750,1,20,1,998761
0,593,1000,3750,1,36,1,998779
0,594,1000,3750,1,3,1,998732
0,595,1000,3750,1,17,1,998761
0,596,1000,3750,1,17,1,998751
0,597,1000,3750,1,49,1,998769
0,598,1000,3750,1,37,1,998785
0,599,1000,3750,1,1,1,998742
0,600,1000,3750,1,47,1,998748
0,601,1000,3750,1,11,1,998767
0,602,1000,3750,1,19,1,998729
0,603,1000,3750,1,36,1,998739
0,604,1000,3750,1,33,1,998760
0,605,1000,3750,1,19,1,998751
0,606,1000,3750,1,24,1,998732
0,607,1000,3750,1,30,1,998782
0,608,1000,3750,1,50,1,998769
0,609,1000,3750,1,17,1,998785
0,610,1000,3750,1,6,1,998758
0,611,1000,3750,1,24,1,998765
0,612,1000,3750,1,43,1,998779
0,613,1000,3750,1,22,1,998743
0,614,1000,3750,1,50,1,998748
0,615,1000,3750,1,30,1,998752
0,616,1000,3750,1,20,1,998763
0,617,1000,3750,1,40,1,998759
0,618,1000,3750,1,5,1,998731
0,619,1000,3750,1,35,1,998739
0,620,1000,3750,1,1,1,998762
0,621,1000,3750,1,2,1,998754
0,622,1000,3750,1,44,1,998743
0,623,1000,3750,1,18,1,998735
0,624,1000,3750,1,24,1,998784
0,625,1000,3750,1,22,1,998732
0,626,1000,3750,1,16,1,998740
0,627,1000,3750,1,1,1,998744
0,628,1000,3750,1,3,1,998749
0,629,1000,3750,1,9,1,998760
0,630,1000,3750,1,48,1,998758
0,631,1000,3750,1,3,1,998785
0,632,1000,3750,1,19,1,998744
0,633,1000,3750,1,34,1,998733
0,634,1000,3750,1,9,1,998769
0,635,1000,3750,1,44,1,998743
0,636,1000,3750,1,50,1,998754
0,637,1000,3750,1,6,1,998751
0,638,1000,3750,1,29,1,998742
0,639,1000,3750,1,25,1,998754
0,640,1000,3750,1,19,1,998783
0,641,1000,3750,1,15,1,998781
0,642,1000,3750,1,37,1,998776
0,643,1000,3750,1,27,1,998772
0,644,1000,3750,1,49,1,998748
0,645,1000,3750,1,17,1,998783
0,646,1000,3750,1,37,1,998771
0,647,1000,3750,1,35,1,998755
0,648,1000,3750,1,22,1,998749
0,649,1000,3750,1,14,1,998738
0,645,1000,3750,2,17,1,998783
0,643,1000,3750,2,27,1,998772
0,82,3005,3750,1,17,1,998750
0,86,3000,3750,1,18,2,998802
0,14,3011,3750,1,28,2,998821
0,25,2014,3750,1,50,1,200000
0,623,1000,3751,2,18,1,998735
0,622,1000,3752,2,44,1,998743
0,629,1000,3752,2,9,1,998760
0,630,1000,3753,2,48,1,998758
0,620,1000,3753,2,1,1,998762
0,617,1000,3754,2,40,1,998759
0,601,1000,3755,2,11,1,998767
0,628,1000,3755,2,3,1,998749
0,618,1000,3755,2,5,1,998731
0,614,1000,3756,2,50,1,998748
0,635,1000,3756,2,44,1,998743
0,592,1000,3757,2,20,1,998761
0,636,1000,3758,2,50,1,998754
0,597,1000,3760,2,49,1,998769
0,600,1000,3760,2,47,1,998748
0,634,1000,3760,2,9,1,998769
0,647,1000,3762,2,35,1,998755
0,593,1000,3763,2,36,1,998779
0,625,1000,3763,2,22,1,998732
0,637,1000,3763,2,6,1,998751
0,596,1000,3764,2,17,1,998751
0,646,1000,3764,2,37,1,998771
0,649,1000,3765,2,14,1,998738
0,611,1000,3765,2,24,1,998765
0,590,1000,3765,2,12,1,998787
0,607,1000,3768,2,30,1,998782
0,599,1000,3768,2,1,1,998742
0,632,1000,3768,2,19,1,998744
0,615,1000,3768,2,30,1,998752
0,598,1000,3768,2,37,1,998785
0,594,1000,3770,2,3,1,998732
0,644,1000,3772,2,49,1,998748
0,602,1000,3773,2,19,1,998729
0,610,1000,3776,2,6,1,998758
0,631,1000,3776,2,3,1,998785
0,638,1000,3778,2,29,1,998742
0,603,1000,3780,2,36,1,998739
0,640,1000,3782,2,19,1,998783
0,648,1000,3782,2,22,1,998749
0,621,1000,3784,2,2,1,998754
0,604,1000,3786,2,33,1,998760
0,609,1000,3788,2,17,1,998785
0,616,1000,3791,2,20,1,998763
0,619,1000,3793,2,35,1,998739
0,595,1000,3794,2,17,1,998761
0,633,1000,3794,2,34,1,998733
0,639,1000,3797,2,25,1,998754
0,626,1000,3799,2,16,1,998740
0,87,3000,3800,1,42,1,998649
0,45,3004,3800,1,9,2,998801
0,16,3028,3800,1,10,2,998807
0,19,2019,3800,1,24,1,200000
0,19,2034,3800,1,30,1,200000
0,84,3001,3800,1,19,2,998826
0,14,3036,3800,1,11,1,998788
0,27,3008,3800,1,41,1,998589
0,51,3014,3800,1,46,1,998748
0,83,3005,3800,1,29,2,998873
0,76,2021,3800,1,24,1,200000
0,19,2036,3800,1,22,1,200000
0,26,3021,3800,1,12,2,998977
0,624,1000,3802,2,24,1,998784
0,641,1000,3805,2,15,1,998781
0,613,1000,3811,2,22,1,998743
0,605,1000,3818,2,19,1,998751
0,591,1000,3822,2,46,1,998740
0,608,1000,3835,2,50,1,998769
0,642,1000,3842,2,37,1,998776
0,606,1000,3844,2,24,1,998732
0,612,1000,3850,2,43,1,998779
0,88,3000,3850,1,25,2,998888
0,85,3001,3850,1,8,1,998788
0,84,3005,3850,1,10,1,998778
0,7,2035,3850,1,38,1,200000
0,77,2021,3850,1,23,2,0
0,23,3033,3850,1,26,1,998760
0,17,3037,3850,1,1,1,998753
0,86,3001,3900,1,34,1,998760
0,52,3014,3900,1,30,2,998842
0,2,2003,3900,1,46,2,0
0,3,2005,3900,1,39,2,0
0,46,3004,3900,1,36,2,998790
0,85,3005,3900,1,40,2,998809
0,26,2014,3900,1,14,2,0
0,78,2021,3900,1,17,2,0
0,17,3013,3900,1,49,2,998836
0,17,3026,3900,1,2,2,998863
0,89,3000,3900,1,43,2,998895
0,627,1000,3908,2,1,1,998744
0,79,2021,3950,1,42,2,0
0,86,3005,3950,1,20,1,998763
0,87,3001,3950,1,21,2,998792
0,90,3000,3950,1,16,2,998816
0,53,3014,4000,1,23,1,998739
0,8,2028,4000,1,49,2,0
0,20,2036,4000,1,20,1,200000
0,10,2045,4000,1,30,2,0
0,87,3005,4000,1,44,1,998767
0,20,2034,4000,1,30,2,0
0,15,3019,4000,1,13,1,998786
0,80,2021,4000,1,15,1,200000
0,47,3004,4000,1,42,1,998787
0,27,3021,4000,1,18,1,998770
0,12,3031,4000,1,25,1,998783
0,2,2047,4000,1,39,2,0
0,88,3001,4000,1,49,2,999241
0,10,3022,4000,1,42,2,998911
0,91,3000,4000,1,41,1,998719
0,20,2019,4000,1,38,1,200000
0,25,3002,4000,1,32,1,998743
0,15,3015,4000,1,2,1,998788
0,13,3010,4000,1,15,1,998785
0,650,1000,4000,1,16,1,998758
0,651,1000,4000,1,43,1,998738
0,652,1000,4000,1,29,1,998763
0,653,1000,4000,1,50,1,998748
0,654,1000,4000,1,29,1,998786
0,655,1000,4000,1,24,1,998733
0,656,1000,4000,1,46,1,998752
0,657,1000,4000,1,14,1,998783
0,658,1000,4000,1,16,1,998786
0,659,1000,4000,1,8,1,998761
0,660,1000,4000,1,12,1,998783
0,661,1000,4000,1,32,1,998750
0,662,1000,4000,1,2,1,998752
0,663,1000,4000,1,32,1,998777
0,664,1000,4000,1,41,1,998774
0,665,1000,4000,1,25,1,998767
0,666,1000,4000,1,30,1,998758
0,667,1000,4000,1,5,1,998740
0,668,1000,4000,1,6,1,998740
0,669,1000,4000,1,13,1,998764
0,670,1000,4000,1,30,1,998752
0,671,1000,4000,1,4,1,998785
0,672,1000,4000,1,26,1,998756
0,673,1000,4000,1,19,1,998759
0,674,1000,4000,1,16,1,998785
0,675,1000,4000,1,27,1,998782
0,676,1000,4000,1,45,1,998778
0,677,1000,4000,1,34,1,998748
0,678,1000,4000,1,1,1,998773
0,679,1000,4000,1,25,1,998763
0,680,1000,4000,1,12,1,998766
0,681,1000,4000,1,37,1,998760
0,682,1000,4000,1,49,1,998744
0,683,1000,4000,1,17,1,998769
0,684,1000,4000,1,5,1,998731
0,685,1000,4000,1,30,1,998738
0,686,1000,4000,1,8,1,998773
0,687,1000,4000,1,23,1,998733
0,688,1000,4000,1,16,1,998765
0,689,1000,4000,1,18,1,998781
0,690,1000,4000,1,3,1,998736
0,691,1000,4000,1,49,1,998773
0,692,1000,4000,1,50,1,998772
0,693,1000,4000,1,44,1,998766
0,694,1000,4000,1,24,1,998735
0,695,1000,4000,1,36,1,998738
0,696,1000,4000,1,44,1,998787
0,697,1000,4000,1,13,1,998732
0,698,1000,4000,1,41,1,998762
0,699,1000,4000,1,16,1,998774
0,700,1000,4000,1,40,1,998737
0,701,1000,4000,1,34,1,998787
0,702,1000,4000,1,3,1,998731
0,703,1000,4000,1,5,1,998760
0,704,1000,4000,1,6,1,998777
0,705,1000,4000,1,37,1,998772
0,706,1000,4000,1,10,1,998763
0,707,1000,4000,1,10,1,998760
0,708,1000,4000,1,42,1,998753
0,709,1000,4000,1,38,1,998730
0,681,1000,4000,2,37,1,998760
0,28,3008,4000,1,27,2,998869
0,684,1000,4001,2,5,1,998731
0,668,1000,4002,2,6,1,998740
0,650,1000,4002,2,16,1,998758
0,655,1000,4003,2,24,1,998733
0,698,1000,4004,2,41,1,998762
0,652,1000,4004,2,29,1,998763
0,705,1000,4004,2,37,1,998772
0,695,1000,4006,2,36,1,998738
0,690,1000,4006,2,3,1,998736
0,671,1000,4007,2,4,1,998785
0,694,1000,4008,2,24,1,998735
0,697,1000,4010,2,13,1,998732
0,667,1000,4010,2,5,1,998740
0,662,1000,4011,2,2,1,998752
0,683,1000,4012,2,17,1,998769
0,663,1000,4012,2,32,1,998777
0,669,1000,4012,2,13,1,998764
0,689,1000,4012,2,18,1,998781
0,665,1000,4013,2,25,1,998767
0,692,1000,4014,2,50,1,998772
0,679,1000,4015,2,25,1,998763
0,704,1000,4015,2,6,1,998777
0,691,1000,4020,2,49,1,998773
0,688,1000,4023,2,16,1,998765
0,664,1000,4024,2,41,1,998774
0,656,1000,4025,2,46,1,998752
0,707,1000,4025,2,10,1,998760
0,673,1000,4028,2,19,1,998759
0,706,1000,4032,2,10,1,998763
0,674,1000,4032,2,16,1,998785
0,703,1000,4033,2,5,1,998760
0,701,1000,4033,2,34,1,998787
0,675,1000,4034,2,27,1,998782
0,666,1000,4037,2,30,1,998758
0,658,1000,4038,2,16,1,998786
0,680,1000,4040,2,12,1,998766
0,685,1000,4041,2,30,1,998738
0,709,1000,4042,2,38,1,998730
0,700,1000,4043,2,40,1,998737
0,678,1000,4045,2,1,1,998773
0,670,1000,4048,2,30,1,998752
0,9,2037,4050,1,6,1,200000
0,81,2021,4050,1,18,1,200000
0,92,3000,4050,1,10,2,998835
0,88,3005,4050,1,24,1,998784
0,27,2014,4050,1,17,1,200000
0,89,3001,4050,1,9,2,998791
0,19,3006,4050,1,48,2,998959
0,657,1000,4052,2,14,1,998783
0,654,1000,4058,2,29,1,998786
0,687,1000,4058,2,23,1,998733
0,672,1000,4060,2,26,1,998756
0,693,1000,4062,2,44,1,998766
0,696,1000,4065,2,44,1,998787
0,661,1000,4065,2,32,1,998750
0,660,1000,4067,2,12,1,998783
0,686,1000,4073,2,8,1,998773
0,677,1000,4079,2,34,1,998748
0,699,1000,4079,2,16,1,998774
0,682,1000,4083,2,49,1,998744
0,708,1000,4090,2,42,1,998753
0,2,2032,4100,1,36,2,0
0,90,3001,4100,1,39,2,998818
0,54,3014,4100,1,19,1,998788
0,82,2021,4100,1,24,1,200000
0,89,3005,4100,1,16,1,998764
0,2,2049,4100,1,17,2,0
0,93,3000,4100,1,27,2,998798
0,2,2042,4100,1,43,1,200000
0,48,3004,4100,1,35,2,998825
0,653,1000,4107,2,50,1,998748
0,659,1000,4118,2,8,1,998761
0,651,1000,4118,2,43,1,998738
0,676,1000,4121,2,45,1,998778
0,83,2021,4150,1,19,1,200000
0,94,3000,4150,1,1,1,998633
0,90,3005,4150,1,22,2,998845
0,91,3001,4150,1,2,2,998791
0,702,1000,4158,2,3,1,998731
0,91,3005,4200,1,35,1,998754
0,84,2021,4200,1,4,1,200000
0,21,2036,4200,1,26,2,0
0,21,2034,4200,1,47,1,200000
0,18,3013,4200,1,46,1,998717
0,95,3000,4200,1,41,2,999007
0,21,2019,4200,1,42,2,0
0,3,2015,4200,1,49,2,0
0,49,3004,4200,1,40,2,998799
0,28,2014,4200,1,26,1,200000
0,92,3001,4200,1,13,1,998697
0,3,2031,4200,1,33,1,200000
0,19,3007,4200,1,1,2,998790
0,28,3021,4200,1,36,2,998856
0,24,3033,4200,1,13,1,998775
0,29,3008,4200,1,28,1,998749
0,6,2022,4200,1,36,1,200000
0,55,3014,4200,1,20,1,998755
0,13,3029,4250,1,7,1,998668
0,96,3000,4250,1,50,1,998763
0,93,3001,4250,1,3,2,998945
0,710,1000,4250,1,17,2,998835
0,711,1000,4250,1,12,2,998818
0,712,1000,4250,1,15,2,998804
0,713,1000,4250,1,31,2,998807
0,714,1000,4250,1,43,2,998824
0,715,1000,4250,1,36,2,998823
0,716,1000,4250,1,1,2,998809
0,717,1000,4250,1,37,2,998831
0,718,1000,4250,1,49,2,998793
0,719,1000,4250,1,14,2,998833
0,720,1000,4250,1,37,2,998827
0,721,1000,4250,1,27,2,998813
0,722,1000,4250,1,17,2,998791
0,723,1000,4250,1,9,2,998828
0,724,1000,4250,1,35,2,998817
0,725,1000,4250,1,36,2,998808
0,726,1000,4250,1,15,2,998792
0,727,1000,4250,1,49,2,998842
0,728,1000,4250,1,50,2,998808
0,729,1000,4250,1,32,2,998833
0,730,1000,4250,1,40,2,998812
0,731,1000,4250,1,25,2,998811
0,732,1000,4250,1,17,2,998844
0,733,1000,4250,1,33,2,998830
0,734,1000,4250,1,13,2,998813
0,735,1000,4250,1,17,2,998845
0,736,1000,4250,1,14,2,998793
0,737,1000,4250,1,5,2,998806
0,738,1000,4250,1,4,2,998792
0,739,1000,4250,1,16,2,998846
0,723,1000,4250,2,9,2,998828
0,15,3017,4250,1,20,2,998800
0,85,2021,4250,1,37,1,200000
0,5,2038,4250,1,4,2,0
0,92,3005,4250,1,44,2,998903
0,724,1000,4252,2,35,2,998817
0,716,1000,4253,2,1,2,998809
0,728,1000,4254,2,50,2,998808
0,713,1000,4256,2,31,2,998807
0,735,1000,4257,2,17,2,998845
0,733,1000,4258,2,33,2,998830
0,734,1000,4259,2,13,2,998813
0,739,1000,4260,2,16,2,998846
0,711,1000,4263,2,12,2,998818
0,738,1000,4263,2,4,2,998792
0,717,1000,4264,2,37,2,998831
0,727,1000,4268,2,49,2,998842
0,722,1000,4269,2,17,2,998791
0,719,1000,4274,2,14,2,998833
0,729,1000,4274,2,32,2,998833
0,730,1000,4274,2,40,2,998812
0,726,1000,4277,2,15,2,998792
0,712,1000,4289,2,15,2,998804
0,97,3000,4300,1,35,2,998790
0,86,2021,4300,1,38,2,0
0,93,3005,4300,1,27,1,998627
0,720,1000,4300,2,37,2,998827
0,714,1000,4300,2,43,2,998824
0,50,3004,4300,1,34,1,998787
0,94,3001,4300,1,45,1,998735
0,56,3014,4300,1,32,2,998816
0,732,1000,4306,2,17,2,998844
0,710,1000,4315,2,17,2,998835
0,725,1000,4318,2,36,2,998808
0,721,1000,4324,2,27,2,998813
0,731,1000,4340,2,25,2,998811
0,736,1000,4345,2,14,2,998793
0,12,3032,4350,1,18,2,998792
0,95,3001,4350,1,5,2,999374
0,98,3000,4350,1,39,2,998795
0,94,3005,4350,1,19,1,998788
0,29,2014,4350,1,13,2,0
0,14,3012,4350,1,36,2,998855
0,87,2021,4350,1,44,2,0
0,715,1000,4357,2,36,2,998823
0,718,1000,4369,2,49,2,998793
0,22,2036,4400,1,2,2,0
0,57,3014,4400,1,12,2,998809
0,51,3004,4400,1,14,1,998788
0,4,2008,4400,1,28,1,200000
0,95,3005,4400,1,11,1,998423
0,11,2045,4400,1,4,2,0
0,18,3037,4400,1,27,2,998811
0,22,2019,4400,1,35,1,200000
0,96,3001,4400,1,20,2,998793
0,88,2021,4400,1,30,1,200000
0,22,2034,4400,1,34,2,0
0,26,3002,4400,1,32,2,998807
0,4,2048,4400,1,9,1,200000
0,99,3000,4400,1,10,1,998624
0,4,2007,4400,1,22,1,200000
0,15,3027,4400,1,7,2,998848
0,8,2035,4400,1,44,2,0
0,30,3008,4400,1,38,2,998834
0,29,3021,4400,1,14,2,998792
0,737,1000,4445,2,5,2,998806
0,1,2001,4450,1,5,2,0
0,96,3005,4450,1,11,1,998771
0,97,3001,4450,1,30,2,998863
0,89,2021,4450,1,28,1,200000
0,100,3000,4450,1,10,2,998978
0,101,3000,4500,1,33,1,998639
0,20,3006,4500,1,49,2,998787
0,30,2014,4500,1,33,1,200000
0,10,2037,4500,1,12,1,200000
0,98,3001,4500,1,12,2,998803
0,16,3015,4500,1,13,2,998880
0,19,3013,4500,1,37,1,998780
0,16,3019,4500,1,17,2,998922
0,58,3014,4500,1,35,2,998786
0,97,3005,4500,1,2,1,998760
0,13,3024,4500,1,20,1,998631
0,90,2021,4500,1,21,2,0
0,13,3035,4500,1,25,2,998786
0,14,3010,4500,1,25,2,998801
0,52,3004,4500,1,27,1,998783
0,14,3018,4500,1,44,2,998809
0,740,1000,4500,1,37,2,998793
0,741,1000,4500,1,38,2,998816
0,742,1000,4500,1,19,2,998798
0,743,1000,4500,1,39,2,998791
0,744,1000,4500,1,3,2,998828
0,745,1000,4500,1,44,2,998795
0,746,1000,4500,1,1,2,998786
0,747,1000,4500,1,32,2,998789
0,748,1000,4500,1,3,2,998797
0,749,1000,4500,1,39,2,998811
0,750,1000,4500,1,25,2,998796
0,751,1000,4500,1,17,2,998812
0,752,1000,4500,1,37,2,998836
0,753,1000,4500,1,17,2,998805
0,754,1000,4500,1,11,2,998830
0,755,1000,4500,1,13,2,998845
0,756,1000,4500,1,30,2,998788
0,757,1000,4500,1,21,2,998839
0,758,1000,4500,1,29,2,998805
0,759,1000,4500,1,18,2,998798
0,760,1000,4500,1,41,2,998842
0,761,1000,4500,1,36,2,998822
0,762,1000,4500,1,17,2,998806
0,763,1000,4500,1,31,2,998826
0,764,1000,4500,1,3,2,998823
0,765,1000,4500,1,23,2,998800
0,766,1000,4500,1,40,2,998802
0,767,1000,4500,1,29,2,998822
0,9,2028,4500,1,33,2,0
0,742,1000,4501,2,19,2,998798
0,743,1000,4501,2,39,2,998791
0,744,1000,4502,2,3,2,998828
0,758,1000,4504,2,29,2,998805
0,762,1000,4505,2,17,2,998806
0,755,1000,4505,2,13,2,998845
0,750,1000,4506,2,25,2,998796
0,763,1000,4506,2,31,2,998826
0,749,1000,4507,2,39,2,998811
0,767,1000,4508,2,29,2,998822
0,757,1000,4509,2,21,2,998839
0,752,1000,4512,2,37,2,998836
0,756,1000,4514,2,30,2,998788
0,766,1000,4515,2,40,2,998802
0,746,1000,4527,2,1,2,998786
0,748,1000,4527,2,3,2,998797
0,751,1000,4528,2,17,2,998812
0,753,1000,4529,2,17,2,998805
0,747,1000,4530,2,32,2,998789
0,761,1000,4535,2,36,2,998822
0,745,1000,4537,2,44,2,998795
0,754,1000,4541,2,11,2,998830
0,740,1000,4542,2,37,2,998793
0,765,1000,4549,2,23,2,998800
0,741,1000,4549,2,38,2,998816
0,98,3005,4550,1,22,1,998775
0,25,3033,4550,1,1,1,998782
0,102,3000,4550,1,36,1,998739
0,99,3001,4550,1,28,1,998781
0,18,3026,4550,1,45,1,998670
0,91,2021,4550,1,16,2,0
0,760,1000,4555,2,41,2,998842
0,759,1000,4558,2,18,2,998798
0,103,3000,4600,1,36,2,998787
0,99,3005,4600,1,41,1,998706
0,53,3004,4600,1,33,2,998889
0,59,3014,4600,1,7,2,998860
0,23,2036,4600,1,44,2,0
0,23,2034,4600,1,30,1,200000
0,23,2019,4600,1,3,2,0
0,100,3001,4600,1,17,2,998821
0,31,3008,4600,1,9,1,998681
0,92,2021,4600,1,31,1,200000
0,30,3021,4600,1,42,2,998911
0,101,3001,4650,1,50,1,998730
0,31,2014,4650,1,48,2,0
0,100,3005,4650,1,42,1,998752
0,93,2021,4650,1,10,2,0
0,104,3000,4650,1,18,2,998818
0,1,2011,4650,1,1,2,0
0,764,1000,4678,2,3,2,998823
0,94,2021,4700,1,7,2,0
0,60,3014,4700,1,12,2,998793
0,101,3005,4700,1,34,2,998795
0,105,3000,4700,1,42,1,998785
0,54,3004,4700,1,25,2,998847
0,102,3001,4700,1,21,1,998759
0,106,3000,4750,1,32,2,998831
0,768,1000,4750,1,50,1,998782
0,769,1000,4750,1,45,1,998782
0,770,1000,4750,1,27,1,998764
0,771,1000,4750,1,23,1,998737
0,772,1000,4750,1,47,1,998746
0,773,1000,4750,1,22,1,998785
0,774,1000,4750,1,32,1,998744
0,775,1000,4750,1,26,1,998758
0,776,1000,4750,1,2,1,998783
0,777,1000,4750,1,30,1,998765
0,778,1000,4750,1,43,1,998739
0,779,1000,4750,1,15,1,998781
0,780,1000,4750,1,9,1,998755
0,781,1000,4750,1,15,1,998743
0,782,1000,4750,1,43,1,998762
0,783,1000,4750,1,15,1,998771
0,784,1000,4750,1,39,1,998761
0,785,1000,4750,1,31,1,998727
0,786,1000,4750,1,11,1,998760
0,787,1000,4750,1,16,1,998762
0,788,1000,4750,1,12,1,998728
0,789,1000,4750,1,23,1,998766
0,790,1000,4750,1,6,1,998757
0,791,1000,4750,1,40,1,998774
0,792,1000,4750,1,33,1,998769
0,793,1000,4750,1,20,1,998767
0,794,1000,4750,1,42,1,998752
0,795,1000,4750,1,12,1,998750
0,796,1000,4750,1,35,1,998730
0,797,1000,4750,1,47,1,998726
0,798,1000,4750,1,3,1,998731
0,799,1000,4750,1,27,1,998759
0,800,1000,4750,1,44,1,998776
0,801,1000,4750,1,23,1,998753
0,802,1000,4750,1,45,1,998758
0,803,1000,4750,1,9,1,998778
0,804,1000,4750,1,10,1,998738
0,805,1000,4750,1,49,1,998740
0,806,1000,4750,1,43,1,998757
0,807,1000,4750,1,18,1,998737
0,808,1000,4750,1,41,1,998751
0,809,1000,4750,1,13,1,998745
0,810,1000,4750,1,48,1,998746
0,811,1000,4750,1,31,1,998772
0,812,1000,4750,1,40,1,998736
0,813,1000,4750,1,12,1,998785
0,814,1000,4750,1,44,1,998751
0,815,1000,4750,1,34,1,998756
0,816,1000,4750,1,1,1,998774
0,817,1000,4750,1,2,1,998728
0,818,1000,4750,1,14,1,998730
0,819,1000,4750,1,48,1,998739
0,820,1000,4750,1,6,1,998779
0,821,1000,4750,1,38,1,998761
0,822,1000,4750,1,10,1,998753
0,823,1000,4750,1,18,1,998772
0,824,1000,4750,1,31,1,998777
0,825,1000,4750,1,42,1,998743
0,826,1000,4750,1,50,1,998728
0,827,1000,4750,1,7,1,998766
0,813,1000,4750,2,12,1,998785
0,796,1000,4750,2,35,1,998730
0,15,3036,4750,1,12,1,998756
0,103,3001,4750,1,38,1,998708
0,95,2021,4750,1,8,2,0
0,17,3028,4750,1,38,1,998773
0,102,3005,4750,1,38,1,998785
0,1,2027,4750,1,27,1,200000
0,768,1000,4751,2,50,1,998782
0,777,1000,4751,2,30,1,998765
0,783,1000,4752,2,15,1,998771
0,802,1000,4752,2,45,1,998758
0,773,1000,4753,2,22,1,998785
0,812,1000,4753,2,40,1,998736
0,824,1000,4754,2,31,1,998777
0,781,1000,4757,2,15,1,998743
0,792,1000,4758,2,33,1,998769
0,788,1000,4759,2,12,1,998728
0,822,1000,4759,2,10,1,998753
0,795,1000,4760,2,12,1,998750
0,815,1000,4761,2,34,1,998756
0,806,1000,4762,2,43,1,998757
0,778,1000,4766,2,43,1,998739
0,814,1000,4767,2,44,1,998751
0,794,1000,4767,2,42,1,998752
0,791,1000,4768,2,40,1,998774
0,827,1000,4768,2,7,1,998766
0,819,1000,4769,2,48,1,998739
0,793,1000,4771,2,20,1,998767
0,785,1000,4772,2,31,1,998727
0,776,1000,4772,2,2,1,998783
0,820,1000,4773,2,6,1,998779
0,817,1000,4773,2,2,1,998728
0,798,1000,4774,2,3,1,998731
0,807,1000,4775,2,18,1,998737
0,805,1000,4776,2,49,1,998740
0,803,1000,4776,2,9,1,998778
0,818,1000,4777,2,14,1,998730
0,808,1000,4777,2,41,1,998751
0,770,1000,4778,2,27,1,998764
0,771,1000,4778,2,23,1,998737
0,774,1000,4780,2,32,1,998744
0,775,1000,4783,2,26,1,998758
0,787,1000,4788,2,16,1,998762
0,801,1000,4792,2,23,1,998753
0,821,1000,4792,2,38,1,998761
0,797,1000,4794,2,47,1,998726
0,55,3004,4800,1,47,2,998798
0,20,3013,4800,1,10,1,998730
0,24,2034,4800,1,50,1,200000
0,32,3008,4800,1,22,2,998817
0,104,3001,4800,1,50,1,998698
0,103,3005,4800,1,41,1,998746
0,96,2021,4800,1,48,1,200000
0,61,3014,4800,1,36,1,998598
0,24,2036,4800,1,12,1,200000
0,32,2014,4800,1,14,1,200000
0,3,2012,4800,1,35,1,200000
0,107,3000,4800,1,35,1,998772
0,24,2019,4800,1,31,1,200000
0,31,3021,4800,1,49,1,998706
0,2,2024,4800,1,17,2,0
0,13,3031,4800,1,21,2,998810
0,20,3007,4800,1,49,2,998792
0,12,2045,4800,1,44,1,200000
0,27,3002,4800,1,28,2,998787
0,800,1000,4803,2,44,1,998776
0,816,1000,4804,2,1,1,998774
0,811,1000,4804,2,31,1,998772
0,823,1000,4808,2,18,1,998772
0,786,1000,4811,2,11,1,998760
0,784,1000,4811,2,39,1,998761
0,810,1000,4812,2,48,1,998746
0,804,1000,4817,2,10,1,998738
0,790,1000,4821,2,6,1,998757
0,826,1000,4830,2,50,1,998728
0,772,1000,4837,2,47,1,998746
0,769,1000,4847,2,45,1,998782
0,108,3000,4850,1,27,2,998795
0,105,3001,4850,1,37,2,998850
0,97,2021,4850,1,35,1,200000
0,104,3005,4850,1,30,2,998791
0,780,1000,4853,2,9,1,998755
0,789,1000,4863,2,23,1,998766
0,799,1000,4870,2,27,1,998759
0,809,1000,4872,2,13,1,998745
0,26,3033,4900,1,4,1,998651
0,106,3001,4900,1,20,2,998794
0,105,3005,4900,1,27,2,998825
0,56,3004,4900,1,19,1,998769
0,62,3014,4900,1,9,2,998842
0,7,2022,4900,1,19,2,0
0,98,2021,4900,1,6,1,200000
0,109,3000,4900,1,19,2,998849
0,110,3000,4950,1,49,2,998787
0,99,2021,4950,1,25,2,0
0,782,1000,4950,2,43,1,998762
0,9,3016,4950,1,46,2,998815
0,9,2035,4950,1,44,2,0
0,11,2037,4950,1,32,1,200000
0,19,3037,4950,1,11,1,998774
0,106,3005,4950,1,14,1,998506
0,107,3001,4950,1,11,2,998806
0,33,2014,4950,1,38,2,0
0,21,3006,4950,1,6,1,998781
0,3,2030,4950,1,7,2,0
0,779,1000,4955,2,15,1,998781
0,63,3014,5000,1,18,2,998860
0,100,2021,5000,1,23,2,0
0,57,3004,5000,1,7,2,998922
0,17,3019,5000,1,44,2,998807
0,107,3005,5000,1,17,1,998780
0,25,2034,5000,1,47,1,200000
0,17,3015,5000,1,21,2,998787
0,15,3011,5000,1,7,2,998813
0,25,2036,5000,1,28,1,200000
0,32,3021,5000,1,25,1,998703
0,14,3003,5000,1,15,2,998785
0,15,3010,5000,1,40,1,998763
0,10,2028,5000,1,29,1,200000
0,111,3000,5000,1,43,1,998749
0,33,3008,5000,1,35,2,998829
0,25,2019,5000,1,4,1,200000
0,828,1000,5000,1,44,1,998731
0,829,1000,5000,1,10,1,998772
0,830,1000,5000,1,48,1,998750
0,831,1000,5000,1,20,1,998742
0,832,1000,5000,1,19,1,998764
0,833,1000,5000,1,43,1,998733
0,834,1000,5000,1,4,1,998748
0,835,1000,5000,1,32,1,998726
0,836,1000,5000,1,13,1,998724
0,837,1000,5000,1,6,1,998757
0,838,1000,5000,1,42,1,998731
0,839,1000,5000,1,3,1,998739
0,840,1000,5000,1,12,1,998768
0,841,1000,5000,1,30,1,998730
0,842,1000,5000,1,43,1,998734
0,843,1000,5000,1,25,1,998756
0,844,1000,5000,1,4,1,998757
0,845,1000,5000,1,29,1,998764
0,846,1000,5000,1,22,1,998783
0,847,1000,5000,1,10,1,998783
0,848,1000,5000,1,44,1,998744
0,849,1000,5000,1,46,1,998737
0,850,1000,5000,1,17,1,998740
0,851,1000,5000,1,24,1,998774
0,852,1000,5000,1,38,1,998757
0,853,1000,5000,1,35,1,998755
0,854,1000,5000,1,44,1,998747
0,855,1000,5000,1,13,1,998768
0,856,1000,5000,1,29,1,998729
0,857,1000,5000,1,31,1,998774
0,858,1000,5000,1,27,1,998775
0,859,1000,5000,1,27,1,998743
0,860,1000,5000,1,48,1,998741
0,861,1000,5000,1,31,1,998768
0,862,1000,5000,1,44,1,998737
0,863,1000,5000,1,37,1,998746
0,864,1000,5000,1,40,1,998752
0,865,1000,5000,1,7,1,998753
0,866,1000,5000,1,25,1,998728
0,867,1000,5000,1,12,1,998770
0,868,1000,5000,1,21,1,998736
0,869,1000,5000,1,16,1,998772
0,870,1000,5000,1,35,1,998770
0,871,1000,5000,1,21,1,998731
0,872,1000,5000,1,33,1,998781
0,873,1000,5000,1,25,1,998762
0,874,1000,5000,1,31,1,998778
0,875,1000,5000,1,30,1,998769
0,876,1000,5000,1,40,1,998769
0,877,1000,5000,1,40,1,998738
0,878,1000,5000,1,20,1,998755
0,879,1000,5000,1,11,1,998771
0,880,1000,5000,1,50,1,998753
0,881,1000,5000,1,36,1,998763
0,882,1000,5000,1,31,1,998781
0,883,1000,5000,1,2,1,998768
0,884,1000,5000,1,32,1,998773
0,885,1000,5000,1,38,1,998733
0,886,1000,5000,1,16,1,998758
0,887,1000,5000,1,21,1,998730
0,856,1000,5000,2,29,1,998729
0,843,1000,5000,2,25,1,998756
0,839,1000,5000,2,3,1,998739
0,108,3001,5000,1,10,2,998922
0,844,1000,5002,2,4,1,998757
0,852,1000,5003,2,38,1,998757
0,870,1000,5004,2,35,1,998770
0,882,1000,5004,2,31,1,998781
0,860,1000,5004,2,48,1,998741
0,875,1000,5005,2,30,1,998769
0,886,1000,5005,2,16,1,998758
0,877,1000,5005,2,40,1,998738
0,880,1000,5006,2,50,1,998753
0,831,1000,5006,2,20,1,998742
0,836,1000,5006,2,13,1,998724
0,840,1000,5007,2,12,1,998768
0,847,1000,5008,2,10,1,998783
0,848,1000,5010,2,44,1,998744
0,832,1000,5013,2,19,1,998764
0,842,1000,5013,2,43,1,998734
0,851,1000,5013,2,24,1,998774
0,835,1000,5014,2,32,1,998726
0,879,1000,5015,2,11,1,998771
0,873,1000,5015,2,25,1,998762
0,841,1000,5016,2,30,1,998730
0,867,1000,5019,2,12,1,998770
0,838,1000,5019,2,42,1,998731
0,828,1000,5019,2,44,1,998731
0,863,1000,5020,2,37,1,998746
0,845,1000,5023,2,29,1,998764
0,866,1000,5023,2,25,1,998728
0,869,1000,5023,2,16,1,998772
0,878,1000,5024,2,20,1,998755
0,872,1000,5026,2,33,1,998781
0,833,1000,5027,2,43,1,998733
0,846,1000,5029,2,22,1,998783
0,858,1000,5031,2,27,1,998775
0,884,1000,5031,2,32,1,998773
0,881,1000,5032,2,36,1,998763
0,865,1000,5032,2,7,1,998753
0,868,1000,5033,2,21,1,998736
0,871,1000,5033,2,21,1,998731
0,861,1000,5036,2,31,1,998768
0,829,1000,5037,2,10,1,998772
0,874,1000,5040,2,31,1,998778
0,854,1000,5042,2,44,1,998747
0,857,1000,5043,2,31,1,998774
0,876,1000,5045,2,40,1,998769
0,855,1000,5047,2,13,1,998768
0,834,1000,5049,2,4,1,998748
0,112,3000,5050,1,17,1,998779
0,109,3001,5050,1,19,1,998759
0,101,2021,5050,1,26,2,0
0,108,3005,5050,1,23,2,998834
0,887,1000,5050,2,21,1,998730
0,825,1000,5056,2,42,1,998743
0,830,1000,5058,2,48,1,998750
0,837,1000,5064,2,6,1,998757
0,883,1000,5067,2,2,1,998768
0,853,1000,5084,2,35,1,998755
0,34,2014,5100,1,48,1,200000
0,58,3004,5100,1,9,2,998812
0,110,3001,5100,1,12,2,998805
0,14,3029,5100,1,21,1,998770
0,102,2021,5100,1,22,2,0
0,113,3000,5100,1,6,1,998764
0,21,3013,5100,1,19,1,998754
0,64,3014,5100,1,7,1,998694
0,109,3005,5100,1,26,1,998774
0,6,2038,5100,1,37,2,0
0,16,3017,5100,1,38,2,998800
0,862,1000,5103,2,44,1,998737
0,850,1000,5121,2,17,1,998740
0,885,1000,5122,2,38,1,998733
0,864,1000,5122,2,40,1,998752
0,111,3001,5150,1,41,1,998721
0,103,2021,5150,1,8,1,200000
0,114,3000,5150,1,12,1,998743
0,110,3005,5150,1,36,2,998788
0,849,1000,5153,2,46,1,998737
0,13,2045,5200,1,12,2,0
0,115,3000,5200,1,13,2,998808
0,19,3026,5200,1,43,1,998780
0,111,3005,5200,1,31,2,998788
0,112,3001,5200,1,5,1,998777
0,4,2005,5200,1,25,2,0
0,26,2036,5200,1,26,2,0
0,33,3021,5200,1,4,2,998891
0,26,2034,5200,1,11,1,200000
0,26,2019,5200,1,32,1,200000
0,34,3008,5200,1,14,1,998684
0,28,3002,5200,1,42,2,998808
0,104,2021,5200,1,2,2,0
0,59,3004,5200,1,27,1,998781
0,65,3014,5200,1,28,1,998782
0,859,1000,5210,2,27,1,998743
0,112,3005,5250,1,18,1,998774
0,113,3001,5250,1,6,1,998751
0,888,1000,5250,1,20,2,998805
0,889,1000,5250,1,39,2,998841
0,890,1000,5250,1,25,2,998786
0,891,1000,5250,1,6,2,998818
0,892,1000,5250,1,6,2,998794
0,893,1000,5250,1,11,2,998786
0,894,1000,5250,1,1,2,998811
0,895,1000,5250,1,41,2,998845
0,896,1000,5250,1,8,2,998840
0,897,1000,5250,1,7,2,998789
0,898,1000,5250,1,18,2,998799
0,899,1000,5250,1,15,2,998825
0,900,1000,5250,1,46,2,998822
0,901,1000,5250,1,38,2,998795
0,902,1000,5250,1,21,2,998788
0,903,1000,5250,1,15,2,998828
0,904,1000,5250,1,17,2,998789
0,905,1000,5250,1,4,2,998793
0,906,1000,5250,1,48,2,998804
0,907,1000,5250,1,15,2,998791
0,908,1000,5250,1,41,2,998803
0,909,1000,5250,1,49,2,998800
0,910,1000,5250,1,3,2,998802
0,911,1000,5250,1,8,2,998816
0,912,1000,5250,1,22,2,998817
0,913,1000,5250,1,4,2,998824
0,914,1000,5250,1,41,2,998833
0,915,1000,5250,1,34,2,998813
0,916,1000,5250,1,35,2,998814
0,917,1000,5250,1,34,2,998824
0,918,1000,5250,1,44,2,998845
0,919,1000,5250,1,39,2,998794
0,920,1000,5250,1,7,2,998832
0,921,1000,5250,1,19,2,998793
0,922,1000,5250,1,32,2,998835
0,923,1000,5250,1,39,2,998792
0,924,1000,5250,1,23,2,998840
0,925,1000,5250,1,43,2,998808
0,926,1000,5250,1,36,2,998827
0,927,1000,5250,1,6,2,998811
0,928,1000,5250,1,18,2,998794
0,929,1000,5250,1,38,2,998810
0,930,1000,5250,1,43,2,998837
0,931,1000,5250,1,11,2,998822
0,932,1000,5250,1,20,2,998812
0,933,1000,5250,1,30,2,998829
0,934,1000,5250,1,36,2,998788
0,935,1000,5250,1,29,2,998795
0,936,1000,5250,1,2,2,998796
0,937,1000,5250,1,27,2,998831
0,916,1000,5250,2,35,2,998814
0,35,2014,5250,1,41,1,200000
0,105,2021,5250,1,45,1,200000
0,116,3000,5250,1,47,2,998843
0,3,2043,5250,1,4,2,0
0,27,3033,5250,1,4,2,998819
0,935,1000,5252,2,29,2,998795
0,923,1000,5254,2,39,2,998792
0,925,1000,5254,2,43,2,998808
0,908,1000,5255,2,41,2,998803
0,929,1000,5255,2,38,2,998810
0,905,1000,5256,2,4,2,998793
0,890,1000,5256,2,25,2,998786
0,937,1000,5257,2,27,2,998831
0,899,1000,5257,2,15,2,998825
0,911,1000,5260,2,8,2,998816
0,919,1000,5261,2,39,2,998794
0,927,1000,5263,2,6,2,998811
0,912,1000,5265,2,22,2,998817
0,891,1000,5265,2,6,2,998818
0,928,1000,5266,2,18,2,998794
0,917,1000,5268,2,34,2,998824
0,892,1000,5268,2,6,2,998794
0,931,1000,5268,2,11,2,998822
0,915,1000,5270,2,34,2,998813
0,896,1000,5270,2,8,2,998840
0,900,1000,5273,2,46,2,998822
0,889,1000,5276,2,39,2,998841
0,895,1000,5277,2,41,2,998845
0,904,1000,5279,2,17,2,998789
0,932,1000,5279,2,20,2,998812
0,914,1000,5282,2,41,2,998833
0,903,1000,5283,2,15,2,998828
0,920,1000,5285,2,7,2,998832
0,918,1000,5285,2,44,2,998845
0,893,1000,5288,2,11,2,998786
0,934,1000,5290,2,36,2,998788
0,897,1000,5292,2,7,2,998789
0,902,1000,5292,2,21,2,998788
0,922,1000,5296,2,32,2,998835
0,907,1000,5298,2,15,2,998791
0,60,3004,5300,1,34,2,998794
0,114,3001,5300,1,12,2,998806
0,113,3005,5300,1,43,2,998805
0,117,3000,5300,1,9,1,998717
0,66,3014,5300,1,18,2,998802
0,106,2021,5300,1,10,2,0
0,910,1000,5304,2,3,2,998802
0,921,1000,5304,2,19,2,998793
0,909,1000,5304,2,49,2,998800
0,898,1000,5319,2,18,2,998799
0,901,1000,5320,2,38,2,998795
0,930,1000,5323,2,43,2,998837
0,926,1000,5349,2,36,2,998827
0,107,2021,5350,1,18,2,0
0,114,3005,5350,1,29,2,998800
0,115,3001,5350,1,18,1,998688
0,118,3000,5350,1,4,1,998739
0,894,1000,5358,2,1,2,998811
0,913,1000,5361,2,4,2,998824
0,906,1000,5371,2,48,2,998804
0,888,1000,5378,2,20,2,998805
0,936,1000,5388,2,2,2,998796
0,22,3006,5400,1,2,2,998815
0,21,3007,5400,1,35,2,998794
0,27,2019,5400,1,14,2,0
0,27,2034,5400,1,34,2,0
0,115,3005,5400,1,32,2,998828
0,36,2014,5400,1,33,1,200000
0,12,2037,5400,1,1,1,200000
0,108,2021,5400,1,8,2,0
0,15,3018,5400,1,16,2,998830
0,67,3014,5400,1,3,1,998784
0,116,3001,5400,1,17,2,998806
0,119,3000,5400,1,1,2,998811
0,61,3004,5400,1,42,1,998676
0,34,3021,5400,1,45,1,998770
0,3,2040,5400,1,30,2,0
0,14,3024,5400,1,32,1,998769
0,27,2036,5400,1,24,1,200000
0,35,3008,5400,1,46,1,998680
0,22,3013,5400,1,22,2,998785
0,933,1000,5411,2,30,2,998829
0,120,3000,5450,1,35,2,998795
0,116,3005,5450,1,17,1,998784
0,1,2020,5450,1,32,2,0
0,109,2021,5450,1,10,1,200000
0,117,3001,5450,1,35,2,998862
0,924,1000,5482,2,23,2,998840
0,62,3004,5500,1,46,2,998843
0,20,3037,5500,1,49,2,998809
0,11,2028,5500,1,48,2,0
0,110,2021,5500,1,17,1,200000
0,18,3015,5500,1,20,2,998866
0,121,3000,5500,1,31,1,998735
0,938,1000,5500,1,47,1,998759
0,939,1000,5500,1,26,1,998745
0,940,1000,5500,1,24,1,998754
0,941,1000,5500,1,49,1,998738
0,942,1000,5500,1,27,1,998755
0,943,1000,5500,1,41,1,998763
0,944,1000,5500,1,26,1,998776
0,945,1000,5500,1,8,1,998767
0,946,1000,5500,1,17,1,998751
0,947,1000,5500,1,35,1,998741
0,948,1000,5500,1,16,1,998778
0,949,1000,5500,1,17,1,998782
0,950,1000,5500,1,16,1,998726
0,951,1000,5500,1,21,1,998739
0,952,1000,5500,1,31,1,998749
0,953,1000,5500,1,25,1,998729
0,954,1000,5500,1,42,1,998740
0,955,1000,5500,1,24,1,998776
0,956,1000,5500,1,7,1,998778
0,957,1000,5500,1,45,1,998748
0,958,1000,5500,1,5,1,998770
0,959,1000,5500,1,36,1,998763
0,960,1000,5500,1,2,1,998780
0,961,1000,5500,1,46,1,998740
0,962,1000,5500,1,47,1,998772
0,963,1000,5500,1,10,1,998756
0,964,1000,5500,1,35,1,998780
0,965,1000,5500,1,44,1,998780
0,966,1000,5500,1,40,1,998746
0,967,1000,5500,1,33,1,998754
0,968,1000,5500,1,30,1,998758
0,969,1000,5500,1,41,1,998749
0,970,1000,5500,1,32,1,998775
0,971,1000,5500,1,17,1,998769
0,972,1000,5500,1,49,1,998763
0,973,1000,5500,1,30,1,998775
0,974,1000,5500,1,15,1,998780
0,975,1000,5500,1,45,1,998781
0,976,1000,5500,1,35,1,998781
0,977,1000,5500,1,13,1,998729
0,978,1000,5500,1,48,1,998728
0,979,1000,5500,1,11,1,998779
0,980,1000,5500,1,8,1,998726
0,981,1000,5500,1,47,1,998771
0,982,1000,5500,1,18,1,998748
0,983,1000,5500,1,28,1,998744
0,984,1000,5500,1,48,1,998751
0,985,1000,5500,1,30,1,998741
0,986,1000,5500,1,27,1,998728
0,987,1000,5500,1,25,1,998774
0,988,1000,5500,1,27,1,998777
0,989,1000,5500,1,46,1,998746
0,990,1000,5500,1,15,1,998769
0,991,1000,5500,1,38,1,998753
0,992,1000,5500,1,20,1,998780
0,993,1000,5500,1,4,1,998752
0,994,1000,5500,1,19,1,998746
0,995,1000,5500,1,28,1,998747
0,996,1000,5500,1,26,1,998767
0,997,1000,5500,1,3,1,998725
0,974,1000,5500,2,15,1,998780
0,967,1000,5500,2,33,1,998754
0,976,1000,5500,2,35,1,998781
0,973,1000,5500,2,30,1,998775
0,16,3010,5500,1,21,1,998756
0,18,3019,5500,1,41,2,998792
0,68,3014,5500,1,35,2,998791
0,5,2008,5500,1,21,2,0
0,10,2035,5500,1,6,2,0
0,117,3005,5500,1,25,1,998502
0,5,2048,5500,1,44,2,0
0,118,3001,5500,1,11,2,998796
0,5,2007,5500,1,30,1,200000
0,961,1000,5501,2,46,1,998740
0,986,1000,5501,2,27,1,998728
0,962,1000,5501,2,47,1,998772
0,955,1000,5503,2,24,1,998776
0,959,1000,5504,2,36,1,998763
0,939,1000,5504,2,26,1,998745
0,956,1000,5505,2,7,1,998778
0,980,1000,5505,2,8,1,998726
0,945,1000,5505,2,8,1,998767
0,991,1000,5506,2,38,1,998753
0,988,1000,5506,2,27,1,998777
0,968,1000,5507,2,30,1,998758
0,987,1000,5508,2,25,1,998774
0,940,1000,5510,2,24,1,998754
0,948,1000,5514,2,16,1,998778
0,994,1000,5515,2,19,1,998746
0,951,1000,5516,2,21,1,998739
0,990,1000,5517,2,15,1,998769
0,981,1000,5517,2,47,1,998771
0,971,1000,5519,2,17,1,998769
0,950,1000,5522,2,16,1,998726
0,985,1000,5524,2,30,1,998741
0,947,1000,5525,2,35,1,998741
0,942,1000,5528,2,27,1,998755
0,972,1000,5529,2,49,1,998763
0,970,1000,5529,2,32,1,998775
0,965,1000,5530,2,44,1,998780
0,941,1000,5531,2,49,1,998738
0,952,1000,5533,2,31,1,998749
0,989,1000,5534,2,46,1,998746
0,953,1000,5534,2,25,1,998729
0,975,1000,5535,2,45,1,998781
0,983,1000,5535,2,28,1,998744
0,966,1000,5536,2,40,1,998746
0,938,1000,5537,2,47,1,998759
0,992,1000,5539,2,20,1,998780
0,958,1000,5541,2,5,1,998770
0,993,1000,5542,2,4,1,998752
0,997,1000,5549,2,3,1,998725
0,111,2021,5550,1,24,1,200000
0,122,3000,5550,1,40,1,998769
0,118,3005,5550,1,13,2,998786
0,1,2018,5550,1,45,1,200000
0,37,2014,5550,1,23,2,0
0,1,2000,5550,1,35,2,0
0,119,3001,5550,1,48,2,998844
0,954,1000,5558,2,42,1,998740
0,969,1000,5567,2,41,1,998749
0,963,1000,5569,2,10,1,998756
0,995,1000,5575,2,28,1,998747
0,979,1000,5575,2,11,1,998779
0,944,1000,5575,2,26,1,998776
0,946,1000,5578,2,17,1,998751
0,982,1000,5585,2,18,1,998748
0,996,1000,5588,2,26,1,998767
0,28,2036,5600,1,3,1,200000
0,69,3014,5600,1,24,2,998784
0,14,2045,5600,1,29,1,200000
0,29,3002,5600,1,22,1,998649
0,28,2019,5600,1,49,1,200000
0,35,3021,5600,1,10,2,998835
0,112,2021,5600,1,37,1,200000
0,4,2015,5600,1,13,2,0
0,4,2031,5600,1,1,2,0
0,36,3008,5600,1,29,1,998627
0,28,3033,5600,1,17,2,998795
0,964,1000,5600,2,35,1,998780
0,978,1000,5600,2,48,1,998728
0,119,3005,5600,1,37,2,998788
0,123,3000,5600,1,37,2,998980
0,8,2022,5600,1,38,1,200000
0,28,2034,5600,1,12,2,0
0,63,3004,5600,1,24,1,998660
0,14,3031,5600,1,26,1,998783
0,120,3001,5600,1,46,1,998783
0,960,1000,5602,2,2,1,998780
0,977,1000,5602,2,13,1,998729
0,957,1000,5618,2,45,1,998748
0,984,1000,5624,2,48,1,998751
0,943,1000,5631,2,41,1,998763
0,121,3001,5650,1,4,1,998653
0,1,2029,5650,1,31,2,0
0,120,3005,5650,1,19,2,998877
0,124,3000,5650,1,14,1,998778
0,113,2021,5650,1,17,2,0
0,16,3036,5700,1,29,1,998413
0,64,3004,5700,1,46,1,998781
0,122,3001,5700,1,15,2,998788
0,114,2021,5700,1,28,2,0
0,121,3005,5700,1,26,1,998680
0,23,3013,5700,1,40,2,998837
0,18,3028,5700,1,22,1,998749
0,38,2014,5700,1,5,1,200000
0,125,3000,5700,1,38,1,998770
0,70,3014,5700,1,34,1,998772
0,998,1000,5750,1,23,2,998827
0,999,1000,5750,1,21,2,998813
0,1000,1000,5750,1,24,2,998811
0,1001,1000,5750,1,18,2,998784
0,1002,1000,5750,1,7,2,998834
0,1003,1000,5750,1,7,2,998819
0,1004,1000,5750,1,25,2,998788
0,1005,1000,5750,1,22,2,998826
0,1006,1000,5750,1,38,2,998818
0,1007,1000,5750,1,1,2,998840
0,1008,1000,5750,1,14,2,998800
0,1009,1000,5750,1,24,2,998821
0,1010,1000,5750,1,30,2,998836
0,1010,1000,5750,2,30,2,998836
0,115,2021,5750,1,9,2,0
0,123,3001,5750,1,15,1,998778
0,126,3000,5750,1,44,1,998624
0,122,3005,5750,1,3,2,998836
0,1000,1000,5758,2,24,2,998811
0,1003,1000,5760,2,7,2,998819
0,998,1000,5762,2,23,2,998827
0,1008,1000,5777,2,14,2,998800
0,1001,1000,5784,2,18,2,998784
0,999,1000,5785,2,21,2,998813
0,1002,1000,5790,2,7,2,998834
0,36,3021,5800,1,35,2,998799
0,65,3004,5800,1,36,2,998932
0,29,2019,5800,1,17,1,200000
0,29,2036,5800,1,39,2,0
0,29,2034,5800,1,8,2,0
0,123,3005,5800,1,35,2,998809
0,127,3000,5800,1,34,2,998782
0,15,3012,5800,1,15,1,998418
0,116,2021,5800,1,50,2,0
0,13,3032,5800,1,11,1,998751
0,124,3001,5800,1,25,2,998827
0,37,3008,5800,1,42,2,998790
0,1005,1000,5800,2,22,2,998826
0,71,3014,5800,1,15,2,998787
0,1004,1000,5812,2,25,2,998788
0,1006,1000,5829,2,38,2,998818
0,1009,1000,5832,2,24,2,998821
0,20,3026,5850,1,34,1,998776
0,23,3006,5850,1,10,2,998807
0,13,2037,5850,1,28,2,0
0,125,3001,5850,1,27,1,998436
0,124,3005,5850,1,13,1,998716
0,3,2003,5850,1,2,1,200000
0,128,3000,5850,1,13,2,999040
0,39,2014,5850,1,1,1,200000
0,117,2021,5850,1,25,2,0
0,66,3004,5900,1,21,1,998760
0,118,2021,5900,1,4,2,0
0,125,3005,5900,1,13,2,998786
0,72,3014,5900,1,8,2,998792
0,126,3001,5900,1,25,1,998775
0,1,2004,5900,1,38,1,200000
0,129,3000,5900,1,10,1,998585
0,1007,1000,5946,2,1,2,998840
0,17,3017,5950,1,33,2,998829
0,29,3033,5950,1,42,2,998809
0,127,3001,5950,1,35,2,998782
0,130,3000,5950,1,28,1,998722
0,7,2038,5950,1,46,1,200000
0,126,3005,5950,1,26,2,998821
0,15,3029,5950,1,49,2,998841
0,119,2021,5950,1,12,2,0
0,15,3009,5950,1,15,1,998774
0,120,2021,6000,1,49,2,0
