exID,orderID,traderID,timeStamp,type,quantity,side,price
0,1,9999,0,1,1,2,1001576
0,2,9999,0,1,1,1,999376
0,1,3005,1,1,30,1,1001563
0,1,3031,1,1,27,1,1001572
0,1,3037,1,1,25,2,1001593
0,1,3022,1,1,19,2,1001622
0,1,3017,1,1,35,1,1001544
0,1,3035,1,1,46,1,1001541
0,1,3024,1,1,16,2,1001578
0,1,3015,1,1,8,1,1001514
0,1,3014,1,1,35,1,1001573
0,1,3026,1,1,42,2,1001582
0,1,3007,1,1,2,1,1001511
0,1,3006,1,1,8,1,1001572
0,1,3009,1,1,14,2,1001650
0,1,3023,1,1,42,2,1001578
0,1,3030,1,1,28,2,1001641
0,1,3011,1,1,27,1,1001277
0,1,3036,1,1,46,1,1001515
0,1,3032,1,1,3,2,1001612
0,1,3013,1,1,26,2,1001640
0,2,3035,2,1,13,1,1001535
0,1,3003,2,1,17,2,1001638
0,1,3002,2,1,5,1,1001565
0,2,3005,2,1,30,1,1001503
0,2,3031,2,1,19,1,1001553
0,2,3015,2,1,15,2,1001576
0,2,3006,2,1,34,1,1001546
0,2,3014,2,1,48,2,1001651
0,1,3000,2,1,32,1,1001508
0,1,3025,2,1,40,2,1001825
0,1,3020,2,1,20,1,1001574
0,2,3013,2,1,35,1,1001510
0,2,3024,2,1,39,2,1001648
0,2,3030,2,1,24,2,1001635
0,2,3017,2,1,7,2,1001641
0,2,3011,2,1,48,1,1001561
0,2,3023,2,1,17,2,1001578
0,1,3027,2,1,31,2,1001581
0,3,3031,3,1,1,1,1001539
0,2,3037,3,1,38,1,1001575
0,3,3005,3,1,8,2,1001582
0,1,3034,3,1,26,1,1001569
0,3,3006,3,1,31,2,1001670
0,2,3025,3,1,28,2,1001596
0,2,3022,3,1,23,1,1001545
0,1,3008,3,1,49,2,1001698
0,3,3035,3,1,42,1,1001573
0,1,3018,3,1,40,1,1001575
0,3,3013,3,1,30,1,1001568
0,2,3003,3,1,23,2,1001578
0,1,3016,3,1,49,1,1001469
0,3,3024,3,1,37,2,1001581
0,2,3020,3,1,41,1,1001541
0,2,3032,3,1,23,1,1001485
0,3,3023,3,1,43,2,1001576
0,1,3001,3,1,16,1,1001460
0,2,3002,3,1,8,1,1001505
0,3,3022,4,1,28,1,1001514
0,2,3007,4,1,31,2,1001659
0,1,3028,4,1,22,1,1001534
0,2,3016,4,1,44,2,1001633
0,4,3023,4,1,32,2,1001908
0,2,3001,4,1,22,1,1001566
0,4,3006,4,1,17,1,1001568
0,3,3002,4,1,18,1,1001556
0,3,3037,4,1,42,2,1001635
0,2,3008,4,1,38,2,1001702
0,1,3021,4,1,50,1,1001519
0,2,3036,4,1,36,1,1001562
0,4,3031,4,1,9,2,1001584
0,4,3024,4,1,48,1,1001552
0,2,3027,4,1,42,2,1001717
0,4,3035,4,1,9,1,1001520
0,2,3018,4,1,9,1,1001570
0,1,3004,4,1,3,2,1001794
0,4,3005,4,1,3,1,1001467
0,4,3013,4,1,4,2,1001619
0,3,3014,5,1,44,2,1001651
0,2,3034,5,1,50,1,1001574
0,3,3015,5,1,16,2,1001592
0,3,3032,5,1,32,1,1001346
0,2,3028,5,1,15,2,1001591
0,5,3024,5,1,5,1,1001501
0,5,3035,5,1,4,1,1001563
0,3,3017,5,1,44,2,1001581
0,2,3004,5,1,11,2,1001588
0,5,3013,5,1,37,1,1001508
0,1,3010,5,1,25,1,1001573
0,1,3033,5,1,14,1,1001499
0,3,3030,5,1,13,2,1001584
0,3,3018,5,1,3,2,1001674
0,1,3029,5,1,25,2,1001602
0,3,3003,5,1,21,1,1001562
0,1,3019,5,1,18,1,1001564
0,3,3025,5,1,29,1,1001573
0,5,3005,5,1,47,1,1001575
0,2,3021,5,1,46,1,1001530
0,3,3016,5,1,50,2,1001601
0,4,3002,5,1,27,1,1001574
0,3,3020,5,1,44,2,1001590
0,5,3006,6,1,38,1,1001574
0,5,3023,6,1,47,1,1001569
0,3,3036,6,1,25,2,1001640
0,6,3005,6,1,21,1,1001400
0,4,3037,6,1,26,1,1001512
0,2,3029,6,1,23,1,1001574
0,3,3001,6,1,30,2,1001578
0,3,3011,6,1,4,1,1001575
0,4,3016,6,1,10,1,1001569
0,2,3000,6,1,21,2,1001746
0,6,3035,6,1,44,1,1001562
0,3,3007,6,1,26,2,1001632
0,4,3030,6,1,41,1,1001483
0,3,3028,6,1,34,2,1001578
0,5,3031,6,1,18,1,1001557
0,2,3019,6,1,11,1,1001557
0,2,3033,6,1,24,1,1001522
0,4,3014,6,1,3,1,1001508
0,4,3022,7,1,30,2,1001633
0,3,3029,7,1,24,1,1001548
0,5,3030,7,1,15,2,1001596
0,4,3020,7,1,18,1,1001575
0,4,3017,7,1,4,1,1001411
0,4,3028,7,1,27,2,1001576
0,7,3035,7,1,44,1,1001575
0,2,3010,7,1,47,2,1001618
0,5,3014,7,1,32,2,1001589
0,2,3009,7,1,24,1,1001575
0,4,3015,7,1,48,1,1001515
0,6,3013,7,1,21,1,1001374
0,4,3032,7,1,45,2,1001639
0,3,3033,7,1,34,1,1001570
0,1,3012,7,1,42,1,1001550
0,4,3003,7,1,30,2,1001609
0,3,3004,7,1,33,2,1001616
0,5,3037,7,1,43,2,1001602
0,3,3027,7,1,5,1,1001517
0,4,3018,7,1,5,1,1001499
0,4,3007,7,1,45,1,1001513
0,3,3034,7,1,21,2,1001691
0,7,3005,7,1,40,2,1001703
0,6,3006,7,1,25,1,1001538
0,4,3036,7,1,47,1,1001324
0,4,3033,8,1,3,2,1001617
0,3,3000,8,1,1,1,1001565
0,4,3029,8,1,9,1,1001549
0,5,3036,8,1,40,2,1001583
0,8,3005,8,1,14,1,1001571
0,3,3019,8,1,10,2,1001591
0,5,3015,8,1,24,2,1001612
0,4,3027,8,1,19,2,1001601
0,3,3010,8,1,2,2,1001581
0,2,3026,8,1,4,2,1001576
0,6,3023,8,1,1,2,1001609
0,5,3022,8,1,31,1,1001541
0,5,3016,8,1,50,1,1001570
0,8,3035,8,1,14,2,1001581
0,4,3004,8,1,44,2,1001586
0,5,3028,8,1,25,2,1001591
0,4,3001,8,1,3,1,1001489
0,5,3002,8,1,16,1,1001454
0,3,3009,8,1,32,1,1001566
0,5,3004,9,1,28,1,1001557
0,6,3014,9,1,24,2,1001635
0,5,3001,9,1,15,1,1001564
0,6,3002,9,1,33,1,1001445
0,5,3033,9,1,28,2,1001679
0,5,3027,9,1,23,1,1001556
0,6,3036,9,1,36,1,1001544
0,5,3007,9,1,28,2,1001593
0,6,3016,9,1,15,2,1001702
0,3,3021,9,1,21,2,1001645
0,3,3026,9,1,34,2,1001592
0,3,3008,9,1,22,1,1001417
0,4,3025,9,1,43,1,1001563
0,5,3018,9,1,42,2,1001671
0,6,3028,9,1,49,1,1001570
0,4,3019,9,1,41,1,1001555
0,5,3032,9,1,41,1,1001548
0,4,3009,9,1,25,1,1001534
0,6,3001,10,1,25,2,1001577
0,4,3034,10,1,29,1,1001532
0,6,3015,10,1,35,1,1001571
0,6,3007,10,1,33,1,1001524
0,4,3026,10,1,19,2,1001602
0,6,3037,10,1,38,2,1001587
0,6,3031,10,1,20,1,1001536
0,2,3012,10,1,8,1,1001554
0,5,3020,10,1,3,2,1001587
0,7,3016,10,1,35,1,1001575
0,7,3014,10,1,47,2,1001577
0,6,3027,10,1,15,1,1001512
0,5,3003,10,1,8,1,1001396
0,4,3021,10,1,26,1,1001553
0,4,3000,11,1,23,2,1001577
0,5,3019,11,1,2,2,1001577
0,3,3012,11,1,22,1,1001558
0,7,3037,11,1,10,1,1001562
0,6,3020,11,1,22,1,1001495
0,5,3029,11,1,47,2,1001687
0,8,3014,11,1,37,2,1001672
0,7,3002,11,1,17,1,1001572
0,6,3022,11,1,23,2,1001636
0,5,3021,11,1,30,1,1001575
0,7,3001,11,1,8,2,1001631
0,6,3032,11,1,37,2,1001576
0,8,3016,11,1,46,1,1001531
0,7,3028,11,1,22,1,1001491
0,6,3004,11,1,24,1,1001555
0,6,3030,11,1,13,2,1001807
0,5,3017,11,1,28,1,1001573
0,6,3003,11,1,14,2,1001582
0,6,3033,11,1,20,2,1001582
0,9,3035,11,1,49,1,1001546
0,4,3011,11,1,36,1,1001571
0,7,3007,11,1,14,2,1001585
0,7,3003,12,1,8,2,1001579
0,6,3017,12,1,27,1,1001541
0,6,3021,12,1,31,2,1001625
0,6,3019,12,1,22,1,1001408
0,7,3006,12,1,46,1,1001540
0,7,3020,12,1,45,1,1001568
0,5,3000,12,1,38,1,1001545
0,9,3005,12,1,26,1,1001561
0,6,3029,12,1,43,2,1001578
0,5,3026,12,1,26,2,1001670
0,6,3018,12,1,11,2,1001608
0,7,3032,12,1,34,1,1001514
0,8,3007,12,1,35,2,1001642
0,6,3024,12,1,2,1,1001519
0,7,3023,12,1,13,2,1001672
0,9,3014,12,1,37,1,1001563
0,7,3030,12,1,21,2,1001669
0,4,3008,13,1,1,2,1001608
0,5,3011,13,1,3,1,1001538
0,7,3004,13,1,17,2,1001606
0,6,3026,13,1,30,1,1001550
0,8,3002,13,1,14,1,1001574
0,10,3014,13,1,12,1,1001565
0,5,3009,13,1,23,2,1001707
0,8,3003,13,1,10,2,1001578
0,7,3017,13,1,33,1,1001491
0,8,3023,13,1,2,2,1001598
0,7,3029,13,1,23,2,1001577
0,4,3010,13,1,37,1,1001574
0,7,3013,13,1,23,1,1001482
0,8,3001,13,1,7,1,1001462
0,8,3006,13,1,37,2,1001601
0,8,3030,13,1,41,1,1001529
0,7,3018,13,1,41,1,1001570
0,7,3031,13,1,4,2,1001632
0,9,3006,14,1,36,2,1001618
0,7,3019,14,1,50,1,1001563
0,7,3036,14,1,6,1,1001543
0,8,3031,14,1,27,2,1001614
0,8,3032,14,1,8,1,1001458
0,9,3023,14,1,30,2,1001578
0,8,3037,14,1,40,2,1001664
0,7,3033,14,1,15,2,1001625
0,6,3000,14,1,39,2,1001579
0,6,3011,14,1,8,2,1001577
0,10,3005,14,1,4,1,1001493
0,7,3015,14,1,14,1,1001544
0,8,3004,14,1,14,1,1001475
0,7,3027,14,1,19,1,1001523
0,5,3034,14,1,49,1,1001558
0,6,3009,14,1,35,2,1001672
0,5,3010,14,1,46,1,1001526
0,9,3001,14,1,50,2,1001840
0,8,3020,14,1,11,2,1001578
0,9,3031,15,1,12,1,1001498
0,11,3014,15,1,19,2,1001581
0,9,3020,15,1,43,1,1001454
0,8,3027,15,1,44,2,1001595
0,7,3022,15,1,19,1,1001572
0,10,3001,15,1,48,2,1001578
0,8,3019,15,1,13,2,1001607
0,4,3012,15,1,26,2,1001590
0,10,3006,15,1,49,2,1001585
0,9,3037,15,1,38,1,1001484
0,5,3008,15,1,30,1,1001511
0,9,3030,15,1,1,1,1001566
0,6,3010,15,1,1,1,1001573
0,8,3036,15,1,7,2,1001579
0,8,3029,15,1,45,2,1001782
0,8,3013,15,1,13,2,1001590
0,8,3028,15,1,41,2,1001641
0,7,3000,15,1,36,1,1001490
0,9,3004,16,1,18,2,1001631
0,9,3029,16,1,12,1,1001441
0,9,3019,16,1,50,2,1001621
0,10,3023,16,1,27,2,1001730
0,10,3035,16,1,22,1,1001562
0,7,3009,16,1,6,1,1001468
0,9,3032,16,1,23,2,1001595
0,8,3018,16,1,22,1,1001538
0,9,3028,16,1,2,1,1001564
0,5,3012,16,1,6,2,1001590
0,9,3003,16,1,20,2,1001601
0,8,3015,16,1,25,1,1001484
0,9,3027,16,1,33,2,1001639
0,6,3008,16,1,24,2,1001581
0,8,3022,16,1,18,1,1001575
0,10,3031,16,1,43,2,1001576
0,11,3006,16,1,3,1,1001575
0,8,3033,16,1,42,2,1001622
0,9,3002,16,1,28,2,1001637
0,10,3027,17,1,31,1,1001573
0,8,3000,17,1,12,1,1001540
0,11,3035,17,1,14,2,1001577
0,9,3013,17,1,40,1,1001517
0,9,3007,17,1,46,1,1001550
0,7,3026,17,1,6,2,1001728
0,10,3002,17,1,36,2,1001577
0,7,3010,17,1,5,1,1001557
0,10,3028,17,1,17,2,1001639
0,10,3003,17,1,30,1,1001469
0,9,3016,17,1,48,1,1001565
0,7,3011,17,1,10,1,1001481
0,7,3021,17,1,26,2,1001597
0,5,3025,17,1,49,2,1001576
0,11,3031,17,1,48,2,1001702
0,10,3030,17,1,14,2,1001580
0,10,3032,18,1,7,1,1001560
0,10,3020,18,1,24,1,1001542
0,12,3031,18,1,29,2,1001693
0,10,3007,18,1,42,1,1001575
0,10,3016,18,1,6,2,1001600
0,11,3027,18,1,30,2,1001580
0,11,3030,18,1,46,2,1001649
0,8,3011,18,1,30,1,1001572
0,9,3033,18,1,22,2,1001603
0,9,3018,18,1,30,1,1001573
0,6,3012,18,1,39,1,1001494
0,12,3035,18,1,17,2,1001580
0,12,3006,18,1,46,2,1001611
0,9,3036,18,1,12,2,1001579
0,11,3023,18,1,17,1,1001528
0,10,3037,18,1,9,1,1001575
0,10,3004,18,1,2,1,1001549
0,10,3019,18,1,7,1,1001556
0,8,3017,18,1,3,1,1001532
0,7,3008,18,1,45,2,1001582
0,10,3029,18,1,20,1,1001501
0,8,3021,18,1,42,1,1001575
0,6,3034,18,1,16,2,1001594
0,8,3009,18,1,18,2,1001582
0,11,3002,18,1,30,1,1001573
0,6,3025,18,1,14,1,1001558
0,11,3004,19,1,45,2,1001611
0,7,3034,19,1,24,1,1001566
0,11,3001,19,1,35,2,1001655
0,12,3030,19,1,3,1,1001566
0,12,3027,19,1,1,2,1001581
0,9,3017,19,1,1,2,1001580
0,11,3019,19,1,43,2,1001615
0,10,3036,19,1,19,2,1001591
0,11,3003,19,1,21,1,1001499
0,9,3021,19,1,33,2,1001578
0,12,3014,19,1,5,2,1001611
0,7,3024,19,1,2,1,1001543
0,11,3029,19,1,5,1,1001519
0,9,3015,19,1,26,1,1001563
0,11,3007,19,1,46,1,1001563
0,11,3037,19,1,3,2,1001589
0,11,3020,19,1,10,2,1001673
0,11,3016,19,1,24,1,1001560
0,13,3031,19,1,12,2,1001580
0,10,3018,19,1,15,1,1001485
0,11,3032,19,1,43,1,1001575
0,12,3023,20,1,8,2,1001583
0,7,3025,20,1,21,1,1001563
0,12,3037,20,1,45,2,1001635
0,10,3013,20,1,22,1,1001568
0,8,3010,20,1,17,2,1001588
0,9,3022,20,1,28,1,1001575
0,12,3007,20,1,21,1,1001553
0,11,3018,20,1,50,2,1001623
0,12,3019,20,1,6,2,1001606
0,12,3020,20,1,42,2,1001603
0,12,3029,20,1,33,2,1001578
0,9,3000,20,1,8,2,1001681
0,8,3034,20,1,3,1,1001455
0,13,3014,20,1,15,1,1001504
0,12,3002,20,1,21,2,1001610
0,13,3006,20,1,31,2,1001595
0,8,3008,20,1,38,2,1001732
0,13,3027,20,1,3,1,1001563
0,10,3033,20,1,32,1,1001135
0,14,3031,20,1,16,1,1001564
0,13,3035,20,1,18,1,1001489
0,8,3026,20,1,17,2,1001649
0,11,3028,20,1,18,1,1001554
0,10,3015,20,1,8,2,1001589
0,7,3012,20,1,34,1,1001566
0,13,3030,20,1,3,2,1001613
0,12,3001,20,1,28,2,1001626
0,15,3031,50,1,50,2,1001583
0,11,3015,50,1,35,1,1001565
0,13,3037,50,1,41,2,1001727
0,14,3037,100,1,33,2,1001626
0,12,3015,100,1,48,1,1001552
0,13,3001,100,1,43,2,1001631
0,13,3029,100,1,44,1,1001549
0,16,3031,100,1,43,1,1001572
0,12,3003,100,1,3,1,1001552
0,17,3031,150,1,11,1,1001571
0,13,3015,150,1,31,1,1001563
0,13,3019,150,1,33,1,1001573
0,8,3012,150,1,36,1,1001572
0,12,3004,150,1,42,2,1001607
0,15,3037,150,1,8,2,1001602
0,18,3031,200,1,8,2,1001588
0,14,3001,200,1,36,1,1001512
0,16,3037,200,1,40,2,1001631
0,13,3003,200,1,20,2,1001593
0,10,3021,200,1,26,2,1001580
0,14,3015,200,1,7,2,1001603
0,13,3007,200,1,35,2,1001593
0,14,3029,200,1,38,1,1001555
0,19,3031,250,1,37,1,1001498
0,9,3008,250,1,43,1,1001566
0,17,3037,250,1,22,2,1001580
0,10,3017,250,1,4,1,1001539
0,15,3015,250,1,49,1,1001575
0,12,3016,250,1,25,1,1001556
0,15,3001,300,1,38,1,1001437
0,20,3031,300,1,43,2,1001577
0,14,3006,300,1,13,1,1001573
0,1,1000,300,1,45,2,1001633
0,2,1000,300,1,48,2,1001577
0,3,1000,300,1,6,2,1001632
0,4,1000,300,1,18,2,1001628
0,5,1000,300,1,3,2,1001627
0,6,1000,300,1,18,2,1001601
0,7,1000,300,1,24,2,1001629
0,8,1000,300,1,41,2,1001581
0,9,1000,300,1,5,2,1001583
0,10,1000,300,1,7,2,1001614
0,11,1000,300,1,20,2,1001580
0,12,1000,300,1,20,2,1001634
0,13,1000,300,1,30,2,1001582
0,14,1000,300,1,42,2,1001608
0,15,1000,300,1,43,2,1001577
0,16,1000,300,1,24,2,1001613
0,17,1000,300,1,16,2,1001579
0,18,1000,300,1,33,2,1001583
0,19,1000,300,1,39,2,1001631
0,20,1000,300,1,6,2,1001612
0,21,1000,300,1,41,2,1001624
0,22,1000,300,1,40,2,1001635
0,23,1000,300,1,32,2,1001603
0,24,1000,300,1,11,2,1001589
0,25,1000,300,1,31,2,1001603
0,26,1000,300,1,16,2,1001598
0,27,1000,300,1,5,2,1001585
0,28,1000,300,1,45,2,1001609
0,29,1000,300,1,27,2,1001622
0,30,1000,300,1,13,2,1001588
0,31,1000,300,1,43,2,1001613
0,32,1000,300,1,33,2,1001590
0,33,1000,300,1,44,2,1001631
0,34,1000,300,1,42,2,1001627
0,35,1000,300,1,39,2,1001601
0,36,1000,300,1,3,2,1001597
0,37,1000,300,1,42,2,1001592
0,38,1000,300,1,47,2,1001590
0,39,1000,300,1,33,2,1001609
0,40,1000,300,1,12,2,1001633
0,41,1000,300,1,25,2,1001578
0,42,1000,300,1,20,2,1001624
0,43,1000,300,1,14,2,1001601
0,44,1000,300,1,48,2,1001596
0,9,1000,300,2,5,2,1001583
0,7,1000,300,2,24,2,1001629
0,18,3037,300,1,25,1,1001559
0,16,3015,300,1,6,1,1001567
0,9,3012,300,1,24,1,1001540
0,14,3019,300,1,17,2,1001666
0,13,3023,300,1,1,1,1001545
0,15,3029,300,1,26,1,1001539
0,14,3003,300,1,18,1,1001558
0,13,3004,300,1,44,2,1001725
0,14,1000,301,2,42,2,1001608
0,26,1000,301,2,16,2,1001598
0,12,1000,302,2,20,2,1001634
0,38,1000,303,2,47,2,1001590
0,42,1000,305,2,20,2,1001624
0,22,1000,305,2,40,2,1001635
0,10,1000,306,2,7,2,1001614
0,43,1000,306,2,14,2,1001601
0,5,1000,309,2,3,2,1001627
0,23,1000,309,2,32,2,1001603
0,37,1000,310,2,42,2,1001592
0,29,1000,313,2,27,2,1001622
0,3,1000,313,2,6,2,1001632
0,30,1000,313,2,13,2,1001588
0,8,1000,314,2,41,2,1001581
0,4,1000,318,2,18,2,1001628
0,6,1000,321,2,18,2,1001601
0,17,1000,321,2,16,2,1001579
0,11,1000,324,2,20,2,1001580
0,41,1000,327,2,25,2,1001578
0,35,1000,329,2,39,2,1001601
0,2,1000,331,2,48,2,1001577
0,27,1000,333,2,5,2,1001585
0,15,1000,334,2,43,2,1001577
0,40,1000,335,2,12,2,1001633
0,1,1000,336,2,45,2,1001633
0,28,1000,338,2,45,2,1001609
0,13,1000,345,2,30,2,1001582
0,32,1000,346,2,33,2,1001590
0,21,1000,346,2,41,2,1001624
0,20,1000,348,2,6,2,1001612
0,39,1000,348,2,33,2,1001609
0,21,3031,350,1,40,2,1001597
0,19,3037,350,1,13,2,1001618
0,17,3015,350,1,39,2,1001589
0,14,3030,350,1,46,2,1001582
0,36,1000,353,2,3,2,1001597
0,33,1000,355,2,44,2,1001631
0,24,1000,356,2,11,2,1001589
0,18,1000,358,2,33,2,1001583
0,31,1000,359,2,43,2,1001613
0,16,1000,362,2,24,2,1001613
0,34,1000,372,2,42,2,1001627
0,25,1000,374,2,31,2,1001603
0,11,3021,400,1,50,2,1001582
0,22,3031,400,1,30,1,1001409
0,15,3003,400,1,31,2,1001577
0,12,3018,400,1,9,2,1001606
0,16,3029,400,1,32,1,1001467
0,16,3001,400,1,40,1,1001350
0,20,3037,400,1,25,2,1001598
0,14,3007,400,1,33,1,1001529
0,18,3015,400,1,44,2,1001581
0,19,1000,409,2,39,2,1001631
0,44,1000,435,2,48,2,1001596
0,14,3004,450,1,14,1,1001574
0,15,3019,450,1,15,1,1001575
0,23,3031,450,1,3,1,1001482
0,1,2030,450,1,4,1,200000
0,10,3012,450,1,16,2,1001611
0,21,3037,450,1,14,1,1001410
0,19,3015,450,1,14,2,1001587
0,13,3016,500,1,40,2,1001578
0,22,3037,500,1,4,2,1001577
0,1,2048,500,1,40,2,0
0,10,3008,500,1,11,2,1001576
0,16,3003,500,1,29,1,1001523
0,17,3029,500,1,20,2,1001710
0,20,3015,500,1,22,1,1001490
0,11,3017,500,1,18,1,1001565
0,17,3001,500,1,28,2,1001595
0,24,3031,500,1,44,1,1001575
0,23,3037,550,1,19,1,1001571
0,25,3031,550,1,47,2,1001626
0,21,3015,550,1,8,2,1001622
0,18,3001,600,1,6,2,1001600
0,12,3021,600,1,47,2,1001590
0,11,3012,600,1,8,1,1001532
0,15,3006,600,1,24,2,1001693
0,18,3029,600,1,23,1,1001527
0,15,3004,600,1,10,2,1001622
0,26,3031,600,1,30,1,1001575
0,24,3037,600,1,41,1,1001542
0,17,3003,600,1,18,2,1001604
0,16,3019,600,1,28,1,1001533
0,15,3007,600,1,10,1,1001535
0,22,3015,600,1,48,1,1001412
0,14,3023,600,1,2,2,1001898
0,45,1000,600,1,3,1,1001545
0,46,1000,600,1,41,1,1001556
0,47,1000,600,1,30,1,1001556
0,48,1000,600,1,33,1,1001539
0,49,1000,600,1,24,1,1001560
0,50,1000,600,1,32,1,1001541
0,51,1000,600,1,39,1,1001574
0,52,1000,600,1,49,1,1001569
0,53,1000,600,1,27,1,1001564
0,54,1000,600,1,7,1,1001530
0,55,1000,600,1,49,1,1001526
0,56,1000,600,1,44,1,1001542
0,57,1000,600,1,19,1,1001515
0,58,1000,600,1,13,1,1001563
0,59,1000,600,1,27,1,1001529
0,60,1000,600,1,33,1,1001557
0,61,1000,600,1,5,1,1001536
0,62,1000,600,1,31,1,1001552
0,63,1000,600,1,10,1,1001533
0,64,1000,600,1,35,1,1001526
0,65,1000,600,1,12,1,1001520
0,66,1000,600,1,30,1,1001543
0,67,1000,600,1,16,1,1001552
0,68,1000,600,1,23,1,1001523
0,69,1000,600,1,38,1,1001561
0,70,1000,600,1,15,1,1001526
0,71,1000,600,1,37,1,1001542
0,72,1000,600,1,4,1,1001522
0,73,1000,600,1,7,1,1001529
0,74,1000,600,1,32,1,1001532
0,75,1000,600,1,22,1,1001520
0,76,1000,600,1,9,1,1001534
0,77,1000,600,1,2,1,1001546
0,78,1000,600,1,11,1,1001518
0,79,1000,600,1,38,1,1001547
0,80,1000,600,1,47,1,1001537
0,81,1000,600,1,18,1,1001564
0,82,1000,600,1,2,1,1001560
0,83,1000,600,1,37,1,1001522
0,84,1000,600,1,44,1,1001529
0,85,1000,600,1,37,1,1001527
0,86,1000,600,1,15,1,1001515
0,87,1000,600,1,39,1,1001542
0,88,1000,600,1,38,1,1001523
0,89,1000,600,1,14,1,1001541
0,90,1000,600,1,37,1,1001573
0,91,1000,600,1,13,1,1001564
0,92,1000,600,1,1,1,1001535
0,93,1000,600,1,10,1,1001568
0,94,1000,600,1,25,1,1001559
0,95,1000,600,1,4,1,1001529
0,96,1000,600,1,21,1,1001563
0,97,1000,600,1,26,1,1001551
0,98,1000,600,1,47,1,1001573
0,99,1000,600,1,2,1,1001519
0,100,1000,600,1,50,1,1001536
0,101,1000,600,1,34,1,1001566
0,102,1000,600,1,1,1,1001569
0,103,1000,600,1,7,1,1001555
0,104,1000,600,1,35,1,1001546
0,56,1000,601,2,44,1,1001542
0,89,1000,602,2,14,1,1001541
0,68,1000,602,2,23,1,1001523
0,66,1000,602,2,30,1,1001543
0,104,1000,602,2,35,1,1001546
0,74,1000,603,2,32,1,1001532
0,103,1000,603,2,7,1,1001555
0,62,1000,604,2,31,1,1001552
0,71,1000,606,2,37,1,1001542
0,67,1000,607,2,16,1,1001552
0,99,1000,610,2,2,1,1001519
0,97,1000,610,2,26,1,1001551
0,81,1000,611,2,18,1,1001564
0,86,1000,611,2,15,1,1001515
0,55,1000,612,2,49,1,1001526
0,78,1000,612,2,11,1,1001518
0,60,1000,613,2,33,1,1001557
0,69,1000,615,2,38,1,1001561
0,70,1000,619,2,15,1,1001526
0,48,1000,619,2,33,1,1001539
0,75,1000,620,2,22,1,1001520
0,49,1000,620,2,24,1,1001560
0,79,1000,624,2,38,1,1001547
0,53,1000,624,2,27,1,1001564
0,63,1000,624,2,10,1,1001533
0,94,1000,624,2,25,1,1001559
0,80,1000,626,2,47,1,1001537
0,52,1000,626,2,49,1,1001569
0,91,1000,626,2,13,1,1001564
0,87,1000,631,2,39,1,1001542
0,102,1000,633,2,1,1,1001569
0,61,1000,633,2,5,1,1001536
0,83,1000,633,2,37,1,1001522
0,96,1000,633,2,21,1,1001563
0,98,1000,634,2,47,1,1001573
0,72,1000,635,2,4,1,1001522
0,65,1000,635,2,12,1,1001520
0,54,1000,636,2,7,1,1001530
0,59,1000,639,2,27,1,1001529
0,47,1000,642,2,30,1,1001556
0,50,1000,643,2,32,1,1001541
0,84,1000,644,2,44,1,1001529
0,64,1000,644,2,35,1,1001526
0,76,1000,648,2,9,1,1001534
0,25,3037,650,1,31,1,1001502
0,23,3015,650,1,47,2,1001636
0,51,1000,650,2,39,1,1001574
0,27,3031,650,1,34,2,1001579
0,101,1000,651,2,34,1,1001566
0,82,1000,652,2,2,1,1001560
0,90,1000,652,2,37,1,1001573
0,73,1000,657,2,7,1,1001529
0,85,1000,663,2,37,1,1001527
0,93,1000,667,2,10,1,1001568
0,46,1000,669,2,41,1,1001556
0,88,1000,678,2,38,1,1001523
0,45,1000,679,2,3,1,1001545
0,92,1000,687,2,1,1,1001535
0,100,1000,697,2,50,1,1001536
0,26,3037,700,1,40,1,1001510
0,15,3030,700,1,50,2,1001577
0,18,3003,700,1,32,1,1001527
0,19,3029,700,1,9,2,1001576
0,28,3031,700,1,12,2,1001578
0,24,3015,700,1,25,2,1001689
0,19,3001,700,1,11,2,1001588
0,57,1000,706,2,19,1,1001515
0,58,1000,727,2,13,1,1001563
0,27,3037,750,1,31,2,1001612
0,14,3016,750,1,42,1,1001575
0,29,3031,750,1,5,2,1001626
0,16,3004,750,1,13,2,1001642
0,25,3015,750,1,47,2,1001626
0,12,3017,750,1,48,1,1001524
0,12,3012,750,1,22,2,1001777
0,17,3019,750,1,28,2,1001590
0,11,3008,750,1,12,2,1001603
0,95,1000,762,2,4,1,1001529
0,77,1000,780,2,2,1,1001546
0,13,3021,800,1,46,1,1001412
0,20,3029,800,1,3,2,1001683
0,20,3001,800,1,50,2,1001592
0,28,3037,800,1,34,2,1001595
0,19,3003,800,1,43,1,1001485
0,16,3007,800,1,15,2,1001580
0,26,3015,800,1,45,1,1001399
0,13,3020,800,1,5,2,1001697
0,13,3018,800,1,50,2,1001601
0,30,3031,800,1,22,2,1001578
0,14,3014,850,1,9,2,1001650
0,27,3015,850,1,39,1,1001564
0,31,3031,850,1,33,1,1001575
0,29,3037,850,1,15,1,1001522
0,32,3031,900,1,28,1,1001565
0,13,3012,900,1,16,2,1001601
0,105,1000,900,1,24,2,1001602
0,106,1000,900,1,45,2,1001606
0,107,1000,900,1,16,2,1001588
0,18,3019,900,1,38,1,1001568
0,16,3006,900,1,42,2,1001611
0,21,3001,900,1,36,1,1001559
0,2,2030,900,1,49,1,200000
0,10,3022,900,1,49,1,1001571
0,28,3015,900,1,6,1,1001357
0,15,3023,900,1,47,2,1001605
0,21,3029,900,1,40,1,1001574
0,17,3004,900,1,2,2,1001755
0,20,3003,900,1,20,1,1001527
0,30,3037,900,1,24,1,1001564
0,105,1000,901,2,24,2,1001602
0,107,1000,912,2,16,2,1001588
0,106,1000,924,2,45,2,1001606
0,33,3031,950,1,39,1,1001510
0,29,3015,950,1,49,2,1001579
0,31,3037,950,1,30,1,1001569
0,17,3007,1000,1,25,1,1001548
0,22,3001,1000,1,10,2,1001720
0,15,3016,1000,1,11,1,1001373
0,30,3015,1000,1,37,2,1001593
0,32,3037,1000,1,28,1,1001575
0,12,3008,1000,1,9,1,1001572
0,22,3029,1000,1,22,2,1001637
0,13,3017,1000,1,36,1,1001521
0,9,3010,1000,1,31,2,1001590
0,14,3021,1000,1,24,2,1001585
0,21,3003,1000,1,16,2,1001589
0,2,2048,1000,1,4,1,200000
0,34,3031,1000,1,34,2,1001628
0,9,3034,1050,1,48,1,1001501
0,13,3002,1050,1,6,1,1001516
0,16,3030,1050,1,5,2,1001672
0,14,3012,1050,1,30,1,1001491
0,33,3037,1050,1,1,1,1001446
0,31,3015,1050,1,34,1,1001520
0,35,3031,1050,1,50,2,1001718
0,19,3019,1050,1,39,2,1001578
0,18,3004,1050,1,50,2,1001583
0,36,3031,1100,1,11,1,1001564
0,23,3001,1100,1,16,2,1001600
0,32,3015,1100,1,23,2,1001587
0,22,3003,1100,1,25,2,1001580
0,34,3037,1100,1,4,1,1001575
0,23,3029,1100,1,30,2,1001582
0,8,3025,1100,1,9,1,1001556
0,35,3037,1150,1,4,1,1001571
0,37,3031,1150,1,17,2,1001652
0,33,3015,1150,1,45,1,1001573
0,24,3029,1200,1,21,1,1001575
0,36,3037,1200,1,33,1,1001562
0,18,3007,1200,1,23,2,1001633
0,24,3001,1200,1,23,1,1001546
0,38,3031,1200,1,17,2,1001603
0,19,3004,1200,1,2,2,1001622
0,34,3015,1200,1,25,1,1001544
0,108,1000,1200,1,4,2,1001597
0,109,1000,1200,1,48,2,1001633
0,110,1000,1200,1,25,2,1001612
0,111,1000,1200,1,27,2,1001599
0,112,1000,1200,1,4,2,1001629
0,113,1000,1200,1,29,2,1001616
0,114,1000,1200,1,28,2,1001625
0,115,1000,1200,1,29,2,1001619
0,116,1000,1200,1,6,2,1001632
0,117,1000,1200,1,26,2,1001631
0,118,1000,1200,1,43,2,1001602
0,119,1000,1200,1,29,2,1001582
0,120,1000,1200,1,39,2,1001616
0,121,1000,1200,1,48,2,1001609
0,122,1000,1200,1,42,2,1001602
0,123,1000,1200,1,49,2,1001632
0,124,1000,1200,1,17,2,1001626
0,125,1000,1200,1,2,2,1001615
0,126,1000,1200,1,36,2,1001610
0,127,1000,1200,1,20,2,1001618
0,128,1000,1200,1,50,2,1001587
0,129,1000,1200,1,22,2,1001604
0,130,1000,1200,1,41,2,1001607
0,131,1000,1200,1,13,2,1001598
0,132,1000,1200,1,39,2,1001624
0,133,1000,1200,1,1,2,1001604
0,134,1000,1200,1,43,2,1001581
0,135,1000,1200,1,27,2,1001589
0,136,1000,1200,1,33,2,1001616
0,137,1000,1200,1,19,2,1001586
0,138,1000,1200,1,34,2,1001576
0,139,1000,1200,1,45,2,1001629
0,140,1000,1200,1,37,2,1001592
0,141,1000,1200,1,38,2,1001583
0,142,1000,1200,1,21,2,1001633
0,143,1000,1200,1,12,2,1001611
0,144,1000,1200,1,30,2,1001602
0,145,1000,1200,1,2,2,1001626
0,146,1000,1200,1,34,2,1001605
0,143,1000,1200,2,12,2,1001611
0,146,1000,1200,2,34,2,1001605
0,16,3023,1200,1,37,2,1001667
0,20,3019,1200,1,26,1,1001335
0,15,3012,1200,1,17,2,1001617
0,17,3006,1200,1,25,1,1001489
0,15,3021,1200,1,23,1,1001435
0,23,3003,1200,1,40,2,1001711
0,14,3018,1200,1,29,2,1001627
0,136,1000,1201,2,33,2,1001616
0,119,1000,1203,2,29,2,1001582
0,131,1000,1203,2,13,2,1001598
0,118,1000,1203,2,43,2,1001602
0,109,1000,1204,2,48,2,1001633
0,126,1000,1204,2,36,2,1001610
0,129,1000,1204,2,22,2,1001604
0,132,1000,1204,2,39,2,1001624
0,111,1000,1204,2,27,2,1001599
0,112,1000,1205,2,4,2,1001629
0,137,1000,1206,2,19,2,1001586
0,141,1000,1207,2,38,2,1001583
0,130,1000,1208,2,41,2,1001607
0,134,1000,1209,2,43,2,1001581
0,139,1000,1209,2,45,2,1001629
0,120,1000,1212,2,39,2,1001616
0,140,1000,1213,2,37,2,1001592
0,116,1000,1213,2,6,2,1001632
0,128,1000,1214,2,50,2,1001587
0,115,1000,1220,2,29,2,1001619
0,121,1000,1222,2,48,2,1001609
0,142,1000,1223,2,21,2,1001633
0,138,1000,1224,2,34,2,1001576
0,125,1000,1224,2,2,2,1001615
0,124,1000,1225,2,17,2,1001626
0,114,1000,1230,2,28,2,1001625
0,122,1000,1239,2,42,2,1001602
0,108,1000,1239,2,4,2,1001597
0,123,1000,1242,2,49,2,1001632
0,135,1000,1242,2,27,2,1001589
0,133,1000,1243,2,1,2,1001604
0,14,3017,1250,1,28,1,1001566
0,35,3015,1250,1,15,2,1001629
0,145,1000,1250,2,2,2,1001626
0,37,3037,1250,1,33,1,1001450
0,16,3016,1250,1,37,2,1001579
0,39,3031,1250,1,50,1,1001575
0,13,3008,1250,1,10,1,1001537
0,113,1000,1252,2,29,2,1001616
0,127,1000,1287,2,20,2,1001618
0,38,3037,1300,1,26,1,1001488
0,36,3015,1300,1,42,1,1001416
0,25,3029,1300,1,30,2,1001639
0,40,3031,1300,1,23,2,1001580
0,25,3001,1300,1,12,2,1001841
0,24,3003,1300,1,13,1,1001573
0,144,1000,1303,2,30,2,1001602
0,117,1000,1340,2,26,2,1001631
0,11,3036,1350,1,1,2,1001589
0,37,3015,1350,1,49,1,1001470
0,16,3012,1350,1,26,2,1001614
0,41,3031,1350,1,19,2,1001584
0,21,3019,1350,1,8,1,1001534
0,20,3004,1350,1,6,2,1001577
0,3,2030,1350,1,30,1,200000
0,39,3037,1350,1,11,1,1001522
0,110,1000,1386,2,25,2,1001612
0,19,3007,1400,1,15,1,1001565
0,17,3030,1400,1,18,1,1001572
0,26,3001,1400,1,45,2,1001588
0,26,3029,1400,1,44,2,1001628
0,25,3003,1400,1,23,1,1001472
0,42,3031,1400,1,11,2,1001605
0,40,3037,1400,1,38,1,1001569
0,38,3015,1400,1,36,2,1001604
0,16,3021,1400,1,23,2,1001580
0,41,3037,1450,1,46,2,1001577
0,39,3015,1450,1,45,1,1001487
0,43,3031,1450,1,19,2,1001607
0,3,2048,1500,1,5,2,0
0,21,3004,1500,1,2,2,1001581
0,15,3017,1500,1,37,1,1001568
0,26,3003,1500,1,41,1,1001556
0,17,3016,1500,1,46,2,1001583
0,147,1000,1500,1,24,2,1001577
0,148,1000,1500,1,23,2,1001619
0,149,1000,1500,1,9,2,1001577
0,150,1000,1500,1,34,2,1001592
0,151,1000,1500,1,48,2,1001633
0,152,1000,1500,1,15,2,1001617
0,153,1000,1500,1,10,2,1001624
0,154,1000,1500,1,14,2,1001623
0,155,1000,1500,1,24,2,1001618
0,156,1000,1500,1,11,2,1001634
0,157,1000,1500,1,47,2,1001603
0,158,1000,1500,1,39,2,1001634
0,159,1000,1500,1,23,2,1001624
0,160,1000,1500,1,24,2,1001624
0,161,1000,1500,1,12,2,1001622
0,162,1000,1500,1,49,2,1001595
0,163,1000,1500,1,6,2,1001596
0,164,1000,1500,1,45,2,1001609
0,165,1000,1500,1,4,2,1001611
0,166,1000,1500,1,13,2,1001602
0,167,1000,1500,1,18,2,1001577
0,168,1000,1500,1,23,2,1001590
0,169,1000,1500,1,6,2,1001618
0,170,1000,1500,1,38,2,1001627
0,171,1000,1500,1,14,2,1001623
0,172,1000,1500,1,50,2,1001622
0,173,1000,1500,1,24,2,1001629
0,174,1000,1500,1,29,2,1001579
0,175,1000,1500,1,18,2,1001624
0,176,1000,1500,1,23,2,1001597
0,177,1000,1500,1,7,2,1001621
0,178,1000,1500,1,21,2,1001583
0,179,1000,1500,1,7,2,1001624
0,180,1000,1500,1,7,2,1001585
0,181,1000,1500,1,26,2,1001589
0,182,1000,1500,1,6,2,1001593
0,183,1000,1500,1,14,2,1001609
0,184,1000,1500,1,29,2,1001623
0,185,1000,1500,1,18,2,1001594
0,186,1000,1500,1,4,2,1001611
0,187,1000,1500,1,38,2,1001621
0,163,1000,1500,2,6,2,1001596
0,176,1000,1500,2,23,2,1001597
0,149,1000,1500,2,9,2,1001577
0,181,1000,1500,2,26,2,1001589
0,177,1000,1500,2,7,2,1001621
0,40,3015,1500,1,19,2,1001594
0,18,3006,1500,1,11,2,1001697
0,22,3019,1500,1,41,2,1001589
0,42,3037,1500,1,28,2,1001578
0,27,3029,1500,1,43,2,1001595
0,14,3008,1500,1,42,2,1001697
0,44,3031,1500,1,27,2,1001582
0,17,3023,1500,1,36,1,1001569
0,17,3012,1500,1,10,1,1001514
0,27,3001,1500,1,20,2,1001662
0,182,1000,1502,2,6,2,1001593
0,180,1000,1502,2,7,2,1001585
0,165,1000,1503,2,4,2,1001611
0,175,1000,1506,2,18,2,1001624
0,166,1000,1506,2,13,2,1001602
0,158,1000,1506,2,39,2,1001634
0,179,1000,1507,2,7,2,1001624
0,150,1000,1511,2,34,2,1001592
0,170,1000,1514,2,38,2,1001627
0,187,1000,1517,2,38,2,1001621
0,157,1000,1518,2,47,2,1001603
0,160,1000,1518,2,24,2,1001624
0,148,1000,1519,2,23,2,1001619
0,184,1000,1522,2,29,2,1001623
0,169,1000,1522,2,6,2,1001618
0,161,1000,1523,2,12,2,1001622
0,147,1000,1523,2,24,2,1001577
0,172,1000,1525,2,50,2,1001622
0,173,1000,1525,2,24,2,1001629
0,186,1000,1526,2,4,2,1001611
0,178,1000,1531,2,21,2,1001583
0,152,1000,1534,2,15,2,1001617
0,185,1000,1536,2,18,2,1001594
0,151,1000,1538,2,48,2,1001633
0,167,1000,1539,2,18,2,1001577
0,168,1000,1542,2,23,2,1001590
0,171,1000,1544,2,14,2,1001623
0,45,3031,1550,1,4,2,1001712
0,1,2020,1550,1,13,2,0
0,8,3024,1550,1,16,2,1001624
0,41,3015,1550,1,13,1,1001447
0,43,3037,1550,1,49,2,1001592
0,153,1000,1563,2,10,2,1001624
0,154,1000,1577,2,14,2,1001623
0,164,1000,1585,2,45,2,1001609
0,162,1000,1587,2,49,2,1001595
0,174,1000,1598,2,29,2,1001579
0,20,3007,1600,1,7,1,1001557
0,14,3020,1600,1,27,2,1001601
0,46,3031,1600,1,49,2,1002151
0,28,3001,1600,1,10,1,1001470
0,28,3029,1600,1,3,2,1001689
0,27,3003,1600,1,1,2,1001579
0,15,3018,1600,1,1,1,1001536
0,17,3021,1600,1,11,2,1001677
0,42,3015,1600,1,2,2,1001580
0,44,3037,1600,1,27,2,1001622
0,156,1000,1608,2,11,2,1001634
0,183,1000,1609,2,14,2,1001609
0,155,1000,1613,2,24,2,1001618
0,159,1000,1641,2,23,2,1001624
0,22,3004,1650,1,7,2,1001576
0,43,3015,1650,1,14,2,1001665
0,47,3031,1650,1,44,2,1001577
0,18,3012,1650,1,43,1,1001542
0,45,3037,1650,1,16,1,1001572
0,23,3019,1650,1,11,2,1001667
0,44,3015,1700,1,13,1,1001454
0,29,3001,1700,1,47,2,1001799
0,15,3014,1700,1,6,2,1001581
0,28,3003,1700,1,17,2,1001593
0,29,3029,1700,1,22,1,1001521
0,48,3031,1700,1,29,2,1001625
0,46,3037,1700,1,46,2,1001582
0,18,3030,1750,1,15,2,1001648
0,47,3037,1750,1,20,2,1001589
0,15,3008,1750,1,26,2,1001650
0,18,3016,1750,1,30,2,1001597
0,16,3017,1750,1,36,2,1001719
0,45,3015,1750,1,21,1,1001569
0,49,3031,1750,1,25,2,1001662
0,12,3028,1750,1,41,1,1001531
0,19,3006,1800,1,7,2,1001589
0,4,2030,1800,1,11,1,200000
0,50,3031,1800,1,40,2,1001603
0,46,3015,1800,1,36,2,1001587
0,18,3023,1800,1,38,2,1001724
0,30,3001,1800,1,1,1,1001572
0,24,3019,1800,1,12,1,1001556
0,19,3012,1800,1,48,1,1001548
0,18,3021,1800,1,22,1,1001565
0,188,1000,1800,1,47,1,1001568
0,189,1000,1800,1,35,1,1001525
0,190,1000,1800,1,8,1,1001562
0,191,1000,1800,1,40,1,1001557
0,192,1000,1800,1,45,1,1001552
0,193,1000,1800,1,15,1,1001518
0,194,1000,1800,1,20,1,1001575
0,195,1000,1800,1,9,1,1001556
0,196,1000,1800,1,38,1,1001565
0,197,1000,1800,1,20,1,1001522
0,198,1000,1800,1,29,1,1001547
0,199,1000,1800,1,11,1,1001532
0,200,1000,1800,1,20,1,1001523
0,201,1000,1800,1,22,1,1001542
0,202,1000,1800,1,40,1,1001529
0,203,1000,1800,1,41,1,1001528
0,204,1000,1800,1,46,1,1001517
0,205,1000,1800,1,6,1,1001545
0,206,1000,1800,1,36,1,1001547
0,207,1000,1800,1,30,1,1001548
0,208,1000,1800,1,48,1,1001519
0,209,1000,1800,1,22,1,1001569
0,210,1000,1800,1,3,1,1001543
0,211,1000,1800,1,7,1,1001521
0,212,1000,1800,1,11,1,1001522
0,213,1000,1800,1,9,1,1001568
0,214,1000,1800,1,18,1,1001527
0,215,1000,1800,1,6,1,1001534
0,216,1000,1800,1,45,1,1001521
0,217,1000,1800,1,37,1,1001554
0,218,1000,1800,1,21,1,1001520
0,219,1000,1800,1,25,1,1001564
0,220,1000,1800,1,26,1,1001556
0,221,1000,1800,1,13,1,1001521
0,222,1000,1800,1,1,1,1001542
0,223,1000,1800,1,45,1,1001551
0,224,1000,1800,1,9,1,1001538
0,225,1000,1800,1,43,1,1001542
0,226,1000,1800,1,35,1,1001552
0,227,1000,1800,1,20,1,1001527
0,228,1000,1800,1,42,1,1001526
0,229,1000,1800,1,43,1,1001535
0,230,1000,1800,1,36,1,1001547
0,231,1000,1800,1,30,1,1001553
0,232,1000,1800,1,48,1,1001565
0,233,1000,1800,1,14,1,1001538
0,234,1000,1800,1,36,1,1001527
0,235,1000,1800,1,1,1,1001574
0,236,1000,1800,1,16,1,1001554
0,237,1000,1800,1,41,1,1001557
0,238,1000,1800,1,13,1,1001541
0,239,1000,1800,1,48,1,1001525
0,240,1000,1800,1,48,1,1001517
0,241,1000,1800,1,40,1,1001544
0,242,1000,1800,1,2,1,1001559
0,243,1000,1800,1,2,1,1001562
0,244,1000,1800,1,48,1,1001572
0,245,1000,1800,1,8,1,1001565
0,246,1000,1800,1,13,1,1001547
0,247,1000,1800,1,14,1,1001574
0,221,1000,1800,2,13,1,1001521
0,48,3037,1800,1,15,2,1001692
0,30,3029,1800,1,27,2,1001586
0,11,3022,1800,1,6,1,1001506
0,21,3007,1800,1,46,2,1001606
0,29,3003,1800,1,24,2,1001654
0,23,3004,1800,1,48,1,1001546
0,191,1000,1801,2,40,1,1001557
0,231,1000,1801,2,30,1,1001553
0,213,1000,1801,2,9,1,1001568
0,235,1000,1803,2,1,1,1001574
0,246,1000,1804,2,13,1,1001547
0,223,1000,1805,2,45,1,1001551
0,212,1000,1805,2,11,1,1001522
0,241,1000,1805,2,40,1,1001544
0,200,1000,1805,2,20,1,1001523
0,232,1000,1805,2,48,1,1001565
0,197,1000,1806,2,20,1,1001522
0,201,1000,1807,2,22,1,1001542
0,228,1000,1808,2,42,1,1001526
0,225,1000,1809,2,43,1,1001542
0,226,1000,1810,2,35,1,1001552
0,227,1000,1810,2,20,1,1001527
0,247,1000,1811,2,14,1,1001574
0,220,1000,1812,2,26,1,1001556
0,229,1000,1812,2,43,1,1001535
0,234,1000,1813,2,36,1,1001527
0,207,1000,1813,2,30,1,1001548
0,238,1000,1814,2,13,1,1001541
0,188,1000,1815,2,47,1,1001568
0,222,1000,1816,2,1,1,1001542
0,205,1000,1816,2,6,1,1001545
0,219,1000,1816,2,25,1,1001564
0,243,1000,1816,2,2,1,1001562
0,215,1000,1817,2,6,1,1001534
0,208,1000,1818,2,48,1,1001519
0,244,1000,1819,2,48,1,1001572
0,204,1000,1819,2,46,1,1001517
0,211,1000,1820,2,7,1,1001521
0,242,1000,1820,2,2,1,1001559
0,206,1000,1821,2,36,1,1001547
0,224,1000,1821,2,9,1,1001538
0,189,1000,1821,2,35,1,1001525
0,233,1000,1821,2,14,1,1001538
0,194,1000,1826,2,20,1,1001575
0,214,1000,1828,2,18,1,1001527
0,202,1000,1833,2,40,1,1001529
0,195,1000,1834,2,9,1,1001556
0,210,1000,1836,2,3,1,1001543
0,209,1000,1839,2,22,1,1001569
0,240,1000,1847,2,48,1,1001517
0,47,3015,1850,1,4,2,1001596
0,51,3031,1850,1,2,2,1001602
0,49,3037,1850,1,15,1,1001487
0,218,1000,1853,2,21,1,1001520
0,236,1000,1858,2,16,1,1001554
0,192,1000,1860,2,45,1,1001552
0,199,1000,1866,2,11,1,1001532
0,190,1000,1869,2,8,1,1001562
0,245,1000,1870,2,8,1,1001565
0,198,1000,1884,2,29,1,1001547
0,203,1000,1884,2,41,1,1001528
0,237,1000,1886,2,41,1,1001557
0,31,3001,1900,1,48,1,1001568
0,30,3003,1900,1,48,2,1001579
0,31,3029,1900,1,36,1,1001542
0,52,3031,1900,1,16,1,1001561
0,50,3037,1900,1,16,2,1001585
0,48,3015,1900,1,45,2,1001769
0,239,1000,1905,2,48,1,1001525
0,196,1000,1906,2,38,1,1001565
0,217,1000,1916,2,37,1,1001554
0,216,1000,1920,2,45,1,1001521
0,193,1000,1925,2,15,1,1001518
0,230,1000,1932,2,36,1,1001547
0,49,3015,1950,1,13,2,1001678
0,51,3037,1950,1,39,1,1001553
0,11,3013,1950,1,11,2,1001887
0,24,3004,1950,1,13,1,1001572
0,14,3027,1950,1,46,1,1001558
0,20,3012,1950,1,28,1,1001574
0,53,3031,1950,1,2,1,1001506
0,25,3019,1950,1,45,1,1001573
0,31,3003,2000,1,28,2,1001717
0,50,3015,2000,1,48,2,1001654
0,32,3001,2000,1,29,2,1001595
0,32,3029,2000,1,40,1,1001375
0,4,2048,2000,1,5,1,200000
0,22,3007,2000,1,26,1,1001523
0,54,3031,2000,1,33,2,1001752
0,10,3010,2000,1,1,2,1001594
0,19,3021,2000,1,15,2,1001632
0,52,3037,2000,1,49,1,1001573
0,16,3018,2000,1,18,2,1001577
0,16,3008,2000,1,15,1,1001543
0,17,3017,2000,1,7,1,1001482
0,19,3016,2000,1,49,2,1001621
0,51,3015,2050,1,24,1,1001529
0,53,3037,2050,1,22,2,1001581
0,55,3031,2050,1,2,1,1001409
0,19,3030,2100,1,26,2,1001577
0,54,3037,2100,1,3,1,1001571
0,56,3031,2100,1,43,2,1001619
0,26,3019,2100,1,7,2,1001583
0,33,3029,2100,1,43,1,1001470
0,20,3006,2100,1,25,2,1001583
0,10,3034,2100,1,17,2,1001614
0,21,3012,2100,1,37,2,1001744
0,32,3003,2100,1,5,1,1001560
0,52,3015,2100,1,25,2,1001605
0,14,3002,2100,1,8,2,1001577
0,248,1000,2100,1,28,1,1001549
0,249,1000,2100,1,46,1,1001522
0,250,1000,2100,1,46,1,1001575
0,251,1000,2100,1,36,1,1001522
0,252,1000,2100,1,34,1,1001529
0,253,1000,2100,1,14,1,1001550
0,254,1000,2100,1,8,1,1001539
0,255,1000,2100,1,12,1,1001565
0,256,1000,2100,1,12,1,1001562
0,257,1000,2100,1,5,1,1001529
0,258,1000,2100,1,47,1,1001544
0,259,1000,2100,1,24,1,1001517
0,260,1000,2100,1,24,1,1001575
0,261,1000,2100,1,48,1,1001539
0,262,1000,2100,1,8,1,1001539
0,263,1000,2100,1,40,1,1001532
0,264,1000,2100,1,26,1,1001522
0,265,1000,2100,1,30,1,1001537
0,266,1000,2100,1,42,1,1001570
0,267,1000,2100,1,28,1,1001557
0,268,1000,2100,1,5,1,1001567
0,269,1000,2100,1,26,1,1001562
0,270,1000,2100,1,35,1,1001561
0,271,1000,2100,1,17,1,1001566
0,272,1000,2100,1,37,1,1001518
0,273,1000,2100,1,36,1,1001531
0,274,1000,2100,1,47,1,1001534
0,275,1000,2100,1,4,1,1001554
0,276,1000,2100,1,41,1,1001552
0,277,1000,2100,1,29,1,1001558
0,278,1000,2100,1,8,1,1001519
0,279,1000,2100,1,27,1,1001553
0,280,1000,2100,1,15,1,1001518
0,281,1000,2100,1,19,1,1001551
0,282,1000,2100,1,47,1,1001519
0,283,1000,2100,1,33,1,1001538
0,284,1000,2100,1,21,1,1001520
0,285,1000,2100,1,14,1,1001522
0,286,1000,2100,1,12,1,1001541
0,287,1000,2100,1,13,1,1001561
0,288,1000,2100,1,25,1,1001561
0,289,1000,2100,1,43,1,1001519
0,290,1000,2100,1,17,1,1001518
0,291,1000,2100,1,2,1,1001559
0,292,1000,2100,1,35,1,1001549
0,293,1000,2100,1,22,1,1001562
0,294,1000,2100,1,14,1,1001534
0,295,1000,2100,1,41,1,1001526
0,296,1000,2100,1,15,1,1001525
0,297,1000,2100,1,3,1,1001544
0,298,1000,2100,1,49,1,1001552
0,299,1000,2100,1,21,1,1001525
0,300,1000,2100,1,6,1,1001556
0,301,1000,2100,1,47,1,1001518
0,302,1000,2100,1,20,1,1001539
0,303,1000,2100,1,34,1,1001543
0,304,1000,2100,1,14,1,1001550
0,305,1000,2100,1,38,1,1001569
0,306,1000,2100,1,37,1,1001557
0,307,1000,2100,1,10,1,1001542
0,273,1000,2100,2,36,1,1001531
0,33,3001,2100,1,13,2,1001586
0,19,3023,2100,1,8,2,1001591
0,25,3004,2100,1,40,1,1001551
0,258,1000,2102,2,47,1,1001544
0,265,1000,2102,2,30,1,1001537
0,255,1000,2104,2,12,1,1001565
0,259,1000,2105,2,24,1,1001517
0,260,1000,2106,2,24,1,1001575
0,269,1000,2107,2,26,1,1001562
0,263,1000,2107,2,40,1,1001532
0,266,1000,2107,2,42,1,1001570
0,248,1000,2107,2,28,1,1001549
0,281,1000,2110,2,19,1,1001551
0,282,1000,2110,2,47,1,1001519
0,286,1000,2111,2,12,1,1001541
0,280,1000,2116,2,15,1,1001518
0,278,1000,2116,2,8,1,1001519
0,302,1000,2117,2,20,1,1001539
0,275,1000,2118,2,4,1,1001554
0,293,1000,2119,2,22,1,1001562
0,250,1000,2119,2,46,1,1001575
0,274,1000,2123,2,47,1,1001534
0,306,1000,2123,2,37,1,1001557
0,288,1000,2126,2,25,1,1001561
0,279,1000,2127,2,27,1,1001553
0,257,1000,2129,2,5,1,1001529
0,300,1000,2130,2,6,1,1001556
0,290,1000,2131,2,17,1,1001518
0,251,1000,2132,2,36,1,1001522
0,292,1000,2132,2,35,1,1001549
0,284,1000,2134,2,21,1,1001520
0,272,1000,2135,2,37,1,1001518
0,276,1000,2136,2,41,1,1001552
0,291,1000,2136,2,2,1,1001559
0,267,1000,2138,2,28,1,1001557
0,262,1000,2140,2,8,1,1001539
0,297,1000,2140,2,3,1,1001544
0,303,1000,2140,2,34,1,1001543
0,277,1000,2140,2,29,1,1001558
0,270,1000,2142,2,35,1,1001561
0,254,1000,2146,2,8,1,1001539
0,271,1000,2148,2,17,1,1001566
0,53,3015,2150,1,41,2,1001617
0,55,3037,2150,1,2,2,1001576
0,57,3031,2150,1,24,2,1001581
0,294,1000,2151,2,14,1,1001534
0,295,1000,2155,2,41,1,1001526
0,299,1000,2156,2,21,1,1001525
0,249,1000,2157,2,46,1,1001522
0,261,1000,2158,2,48,1,1001539
0,264,1000,2160,2,26,1,1001522
0,287,1000,2160,2,13,1,1001561
0,289,1000,2163,2,43,1,1001519
0,305,1000,2165,2,38,1,1001569
0,256,1000,2167,2,12,1,1001562
0,307,1000,2168,2,10,1,1001542
0,298,1000,2172,2,49,1,1001552
0,304,1000,2182,2,14,1,1001550
0,296,1000,2192,2,15,1,1001525
0,253,1000,2193,2,14,1,1001550
0,9,3025,2200,1,39,1,1001573
0,54,3015,2200,1,13,1,1001569
0,23,3007,2200,1,42,1,1001485
0,56,3037,2200,1,41,2,1001603
0,34,3029,2200,1,27,1,1001565
0,20,3021,2200,1,16,2,1001603
0,14,3035,2200,1,46,2,1001701
0,58,3031,2200,1,26,1,1001574
0,283,1000,2200,2,33,1,1001538
0,33,3003,2200,1,28,2,1001579
0,34,3001,2200,1,15,1,1001528
0,301,1000,2226,2,47,1,1001518
0,268,1000,2239,2,5,1,1001567
0,20,3016,2250,1,13,1,1001487
0,5,2030,2250,1,29,1,200000
0,59,3031,2250,1,37,2,1001650
0,27,3019,2250,1,47,2,1001637
0,55,3015,2250,1,16,2,1001651
0,18,3017,2250,1,41,2,1001665
0,22,3012,2250,1,26,2,1001649
0,17,3008,2250,1,25,2,1001604
0,57,3037,2250,1,33,1,1001574
0,26,3004,2250,1,45,2,1001578
0,252,1000,2263,2,34,1,1001529
0,58,3037,2300,1,15,2,1001629
0,35,3001,2300,1,8,1,1001562
0,60,3031,2300,1,26,1,1001421
0,34,3003,2300,1,9,1,1001459
0,35,3029,2300,1,36,2,1001580
0,56,3015,2300,1,38,2,1001587
0,285,1000,2314,2,14,1,1001522
0,57,3015,2350,1,25,2,1001701
0,59,3037,2350,1,36,2,1001673
0,61,3031,2350,1,2,2,1001621
0,20,3023,2400,1,4,2,1001576
0,21,3021,2400,1,22,1,1001560
0,62,3031,2400,1,33,2,1001610
0,308,1000,2400,1,9,1,1001572
0,309,1000,2400,1,21,1,1001528
0,310,1000,2400,1,38,1,1001562
0,311,1000,2400,1,27,1,1001567
0,312,1000,2400,1,22,1,1001545
0,313,1000,2400,1,2,1,1001560
0,314,1000,2400,1,19,1,1001528
0,315,1000,2400,1,14,1,1001548
0,316,1000,2400,1,29,1,1001537
0,317,1000,2400,1,10,1,1001548
0,318,1000,2400,1,12,1,1001572
0,319,1000,2400,1,18,1,1001553
0,320,1000,2400,1,23,1,1001545
0,321,1000,2400,1,6,1,1001571
0,322,1000,2400,1,14,1,1001554
0,323,1000,2400,1,30,1,1001546
0,324,1000,2400,1,5,1,1001574
0,325,1000,2400,1,39,1,1001572
0,326,1000,2400,1,14,1,1001546
0,327,1000,2400,1,37,1,1001567
0,328,1000,2400,1,26,1,1001529
0,329,1000,2400,1,36,1,1001545
0,330,1000,2400,1,2,1,1001566
0,331,1000,2400,1,37,1,1001547
0,332,1000,2400,1,26,1,1001565
0,333,1000,2400,1,24,1,1001521
0,334,1000,2400,1,35,1,1001524
0,335,1000,2400,1,12,1,1001553
0,336,1000,2400,1,22,1,1001556
0,337,1000,2400,1,36,1,1001517
0,338,1000,2400,1,37,1,1001530
0,339,1000,2400,1,50,1,1001552
0,340,1000,2400,1,29,1,1001539
0,341,1000,2400,1,40,1,1001555
0,342,1000,2400,1,21,1,1001519
0,343,1000,2400,1,46,1,1001568
0,344,1000,2400,1,37,1,1001536
0,345,1000,2400,1,4,1,1001570
0,346,1000,2400,1,25,1,1001517
0,347,1000,2400,1,32,1,1001541
0,348,1000,2400,1,49,1,1001517
0,349,1000,2400,1,42,1,1001557
0,350,1000,2400,1,6,1,1001519
0,351,1000,2400,1,45,1,1001556
0,352,1000,2400,1,36,1,1001571
0,353,1000,2400,1,40,1,1001521
0,354,1000,2400,1,46,1,1001563
0,355,1000,2400,1,46,1,1001533
0,356,1000,2400,1,33,1,1001555
0,357,1000,2400,1,4,1,1001548
0,358,1000,2400,1,40,1,1001545
0,359,1000,2400,1,13,1,1001520
0,360,1000,2400,1,2,1,1001561
0,361,1000,2400,1,43,1,1001543
0,362,1000,2400,1,23,1,1001560
0,363,1000,2400,1,50,1,1001556
0,364,1000,2400,1,15,1,1001548
0,365,1000,2400,1,3,1,1001549
0,366,1000,2400,1,17,1,1001569
0,367,1000,2400,1,28,1,1001568
0,364,1000,2400,2,15,1,1001548
0,24,3007,2400,1,3,2,1001645
0,60,3037,2400,1,8,1,1001504
0,27,3004,2400,1,35,1,1001499
0,35,3003,2400,1,5,1,1001567
0,28,3019,2400,1,19,2,1001589
0,36,3029,2400,1,32,1,1001575
0,23,3012,2400,1,3,1,1001557
0,15,3020,2400,1,47,2,1001595
0,21,3006,2400,1,39,1,1001528
0,36,3001,2400,1,18,1,1001532
0,58,3015,2400,1,2,1,1001527
0,17,3018,2400,1,13,2,1001577
0,348,1000,2401,2,49,1,1001517
0,335,1000,2401,2,12,1,1001553
0,314,1000,2402,2,19,1,1001528
0,315,1000,2405,2,14,1,1001548
0,324,1000,2405,2,5,1,1001574
0,351,1000,2405,2,45,1,1001556
0,333,1000,2406,2,24,1,1001521
0,345,1000,2408,2,4,1,1001570
0,343,1000,2410,2,46,1,1001568
0,352,1000,2411,2,36,1,1001571
0,327,1000,2411,2,37,1,1001567
0,350,1000,2412,2,6,1,1001519
0,365,1000,2414,2,3,1,1001549
0,360,1000,2414,2,2,1,1001561
0,331,1000,2417,2,37,1,1001547
0,336,1000,2417,2,22,1,1001556
0,363,1000,2417,2,50,1,1001556
0,346,1000,2418,2,25,1,1001517
0,344,1000,2418,2,37,1,1001536
0,361,1000,2419,2,43,1,1001543
0,320,1000,2420,2,23,1,1001545
0,317,1000,2421,2,10,1,1001548
0,349,1000,2422,2,42,1,1001557
0,325,1000,2422,2,39,1,1001572
0,329,1000,2423,2,36,1,1001545
0,366,1000,2426,2,17,1,1001569
0,347,1000,2429,2,32,1,1001541
0,309,1000,2432,2,21,1,1001528
0,328,1000,2434,2,26,1,1001529
0,311,1000,2435,2,27,1,1001567
0,359,1000,2439,2,13,1,1001520
0,316,1000,2439,2,29,1,1001537
0,308,1000,2442,2,9,1,1001572
0,322,1000,2443,2,14,1,1001554
0,353,1000,2444,2,40,1,1001521
0,358,1000,2444,2,40,1,1001545
0,340,1000,2444,2,29,1,1001539
0,337,1000,2445,2,36,1,1001517
0,321,1000,2446,2,6,1,1001571
0,342,1000,2447,2,21,1,1001519
0,20,3030,2450,1,8,2,1001754
0,61,3037,2450,1,4,1,1001518
0,356,1000,2450,2,33,1,1001555
0,59,3015,2450,1,44,1,1001574
0,63,3031,2450,1,9,1,1001552
0,323,1000,2451,2,30,1,1001546
0,341,1000,2452,2,40,1,1001555
0,318,1000,2457,2,12,1,1001572
0,362,1000,2467,2,23,1,1001560
0,332,1000,2467,2,26,1,1001565
0,312,1000,2483,2,22,1,1001545
0,357,1000,2487,2,4,1,1001548
0,326,1000,2495,2,14,1,1001546
0,367,1000,2498,2,28,1,1001568
0,64,3031,2500,1,43,1,1001509
0,60,3015,2500,1,33,2,1001681
0,19,3017,2500,1,16,2,1001595
0,18,3008,2500,1,23,2,1001579
0,62,3037,2500,1,47,2,1001586
0,37,3001,2500,1,37,1,1001572
0,36,3003,2500,1,33,1,1001555
0,5,2048,2500,1,15,1,200000
0,37,3029,2500,1,36,2,1001583
0,21,3016,2500,1,5,2,1001713
0,330,1000,2506,2,2,1,1001566
0,319,1000,2507,2,18,1,1001553
0,313,1000,2516,2,2,1,1001560
0,310,1000,2517,2,38,1,1001562
0,339,1000,2517,2,50,1,1001552
0,338,1000,2530,2,37,1,1001530
0,355,1000,2535,2,46,1,1001533
0,65,3031,2550,1,42,1,1001511
0,16,3014,2550,1,5,2,1001580
0,28,3004,2550,1,37,1,1001512
0,61,3015,2550,1,16,2,1001586
0,29,3019,2550,1,10,2,1001605
0,24,3012,2550,1,12,2,1001592
0,9,3009,2550,1,50,2,1001710
0,63,3037,2550,1,18,2,1001600
0,354,1000,2559,2,46,1,1001563
0,334,1000,2599,2,35,1,1001524
0,38,3029,2600,1,4,2,1001599
0,38,3001,2600,1,33,2,1001576
0,37,3003,2600,1,24,1,1001533
0,62,3015,2600,1,44,1,1001574
0,64,3037,2600,1,48,2,1001611
0,66,3031,2600,1,20,1,1001480
0,22,3021,2600,1,23,2,1001757
0,25,3007,2600,1,11,1,1001568
0,63,3015,2650,1,4,1,1001482
0,65,3037,2650,1,4,2,1001620
0,67,3031,2650,1,37,2,1001577
0,29,3004,2700,1,43,1,1001462
0,39,3001,2700,1,32,1,1001524
0,30,3019,2700,1,2,1,1001555
0,38,3003,2700,1,11,2,1001695
0,25,3012,2700,1,29,2,1001662
0,66,3037,2700,1,2,2,1001581
0,22,3006,2700,1,26,1,1001572
0,12,3036,2700,1,13,2,1001646
0,39,3029,2700,1,41,1,1001517
0,68,3031,2700,1,38,2,1001587
0,6,2030,2700,1,3,1,200000
0,64,3015,2700,1,25,1,1001573
0,368,1000,2700,1,16,1,1001572
0,369,1000,2700,1,45,1,1001563
0,370,1000,2700,1,17,1,1001557
0,371,1000,2700,1,23,1,1001539
0,372,1000,2700,1,43,1,1001565
0,373,1000,2700,1,46,1,1001540
0,374,1000,2700,1,26,1,1001540
0,375,1000,2700,1,5,1,1001535
0,376,1000,2700,1,43,1,1001559
0,377,1000,2700,1,2,1,1001534
0,378,1000,2700,1,1,1,1001526
0,379,1000,2700,1,20,1,1001545
0,380,1000,2700,1,32,1,1001548
0,381,1000,2700,1,45,1,1001566
0,382,1000,2700,1,8,1,1001519
0,383,1000,2700,1,27,1,1001553
0,384,1000,2700,1,4,1,1001525
0,385,1000,2700,1,16,1,1001559
0,386,1000,2700,1,22,1,1001519
0,387,1000,2700,1,18,1,1001523
0,388,1000,2700,1,36,1,1001573
0,389,1000,2700,1,18,1,1001538
0,390,1000,2700,1,26,1,1001528
0,391,1000,2700,1,44,1,1001528
0,392,1000,2700,1,13,1,1001515
0,393,1000,2700,1,2,1,1001544
0,394,1000,2700,1,15,1,1001530
0,395,1000,2700,1,14,1,1001552
0,396,1000,2700,1,40,1,1001572
0,397,1000,2700,1,5,1,1001515
0,398,1000,2700,1,10,1,1001530
0,399,1000,2700,1,40,1,1001546
0,400,1000,2700,1,36,1,1001543
0,401,1000,2700,1,7,1,1001562
0,402,1000,2700,1,28,1,1001551
0,403,1000,2700,1,48,1,1001542
0,404,1000,2700,1,41,1,1001545
0,405,1000,2700,1,8,1,1001536
0,406,1000,2700,1,10,1,1001557
0,407,1000,2700,1,8,1,1001539
0,408,1000,2700,1,4,1,1001518
0,409,1000,2700,1,46,1,1001535
0,410,1000,2700,1,1,1,1001530
0,411,1000,2700,1,26,1,1001539
0,412,1000,2700,1,45,1,1001517
0,413,1000,2700,1,40,1,1001528
0,414,1000,2700,1,35,1,1001550
0,415,1000,2700,1,10,1,1001572
0,416,1000,2700,1,12,1,1001554
0,417,1000,2700,1,17,1,1001569
0,418,1000,2700,1,48,1,1001537
0,419,1000,2700,1,33,1,1001541
0,420,1000,2700,1,42,1,1001561
0,421,1000,2700,1,2,1,1001540
0,422,1000,2700,1,7,1,1001542
0,423,1000,2700,1,2,1,1001547
0,424,1000,2700,1,45,1,1001542
0,425,1000,2700,1,14,1,1001573
0,426,1000,2700,1,19,1,1001520
0,427,1000,2700,1,5,1,1001543
0,399,1000,2700,2,40,1,1001546
0,410,1000,2700,2,1,1,1001530
0,421,1000,2700,2,2,1,1001540
0,12,3022,2700,1,38,1,1001420
0,21,3023,2700,1,49,2,1001603
0,382,1000,2701,2,8,1,1001519
0,425,1000,2701,2,14,1,1001573
0,379,1000,2702,2,20,1,1001545
0,427,1000,2704,2,5,1,1001543
0,406,1000,2704,2,10,1,1001557
0,405,1000,2706,2,8,1,1001536
0,375,1000,2708,2,5,1,1001535
0,370,1000,2708,2,17,1,1001557
0,390,1000,2708,2,26,1,1001528
0,400,1000,2708,2,36,1,1001543
0,383,1000,2709,2,27,1,1001553
0,402,1000,2710,2,28,1,1001551
0,391,1000,2711,2,44,1,1001528
0,420,1000,2711,2,42,1,1001561
0,395,1000,2711,2,14,1,1001552
0,368,1000,2712,2,16,1,1001572
0,376,1000,2713,2,43,1,1001559
0,397,1000,2713,2,5,1,1001515
0,381,1000,2713,2,45,1,1001566
0,414,1000,2716,2,35,1,1001550
0,401,1000,2716,2,7,1,1001562
0,412,1000,2717,2,45,1,1001517
0,415,1000,2717,2,10,1,1001572
0,408,1000,2718,2,4,1,1001518
0,385,1000,2720,2,16,1,1001559
0,392,1000,2722,2,13,1,1001515
0,419,1000,2723,2,33,1,1001541
0,398,1000,2723,2,10,1,1001530
0,378,1000,2724,2,1,1,1001526
0,377,1000,2724,2,2,1,1001534
0,411,1000,2725,2,26,1,1001539
0,373,1000,2731,2,46,1,1001540
0,407,1000,2732,2,8,1,1001539
0,388,1000,2732,2,36,1,1001573
0,418,1000,2732,2,48,1,1001537
0,416,1000,2736,2,12,1,1001554
0,422,1000,2736,2,7,1,1001542
0,423,1000,2738,2,2,1,1001547
0,374,1000,2739,2,26,1,1001540
0,20,3017,2750,1,38,1,1001569
0,22,3016,2750,1,14,2,1001587
0,19,3008,2750,1,18,2,1001636
0,67,3037,2750,1,1,1,1001559
0,65,3015,2750,1,30,1,1001567
0,69,3031,2750,1,14,1,1001551
0,386,1000,2753,2,22,1,1001519
0,404,1000,2756,2,41,1,1001545
0,426,1000,2757,2,19,1,1001520
0,369,1000,2758,2,45,1,1001563
0,387,1000,2758,2,18,1,1001523
0,396,1000,2761,2,40,1,1001572
0,424,1000,2764,2,45,1,1001542
0,389,1000,2770,2,18,1,1001538
0,413,1000,2771,2,40,1,1001528
0,403,1000,2773,2,48,1,1001542
0,372,1000,2779,2,43,1,1001565
0,393,1000,2783,2,2,1,1001544
0,417,1000,2785,2,17,1,1001569
0,394,1000,2794,2,15,1,1001530
0,409,1000,2796,2,46,1,1001535
0,384,1000,2796,2,4,1,1001525
0,21,3030,2800,1,40,1,1001575
0,66,3015,2800,1,4,2,1001598
0,40,3029,2800,1,38,2,1001750
0,23,3021,2800,1,20,1,1001547
0,70,3031,2800,1,31,1,1001573
0,26,3007,2800,1,37,2,1001710
0,18,3018,2800,1,25,1,1001469
0,68,3037,2800,1,20,2,1001622
0,39,3003,2800,1,29,1,1001565
0,40,3001,2800,1,14,1,1001566
0,380,1000,2807,2,32,1,1001548
0,371,1000,2812,2,23,1,1001539
0,30,3004,2850,1,4,1,1001312
0,71,3031,2850,1,8,2,1001842
0,31,3019,2850,1,30,2,1001584
0,26,3012,2850,1,24,1,1001574
0,67,3015,2850,1,31,2,1001579
0,69,3037,2850,1,21,1,1001402
0,41,3001,2900,1,7,1,1001574
0,70,3037,2900,1,32,1,1001472
0,40,3003,2900,1,1,2,1001589
0,72,3031,2900,1,8,2,1001589
0,68,3015,2900,1,45,2,1001623
0,41,3029,2900,1,35,1,1001559
0,71,3037,2950,1,36,1,1001564
0,73,3031,2950,1,3,1,1001432
0,10,3000,2950,1,6,1,1001343
0,69,3015,2950,1,15,1,1001489
0,6,2048,3000,1,28,1,200000
0,41,3003,3000,1,29,1,1001571
0,72,3037,3000,1,27,1,1001388
0,11,3010,3000,1,8,2,1001576
0,23,3006,3000,1,8,2,1001594
0,27,3012,3000,1,29,1,1001575
0,21,3017,3000,1,7,1,1001575
0,74,3031,3000,1,23,1,1001500
0,42,3029,3000,1,1,1,1001564
0,42,3001,3000,1,16,1,1001541
0,23,3016,3000,1,29,2,1001597
0,70,3015,3000,1,34,1,1001461
0,20,3008,3000,1,30,2,1001595
0,428,1000,3000,1,10,2,1001578
0,429,1000,3000,1,20,2,1001619
0,430,1000,3000,1,22,2,1001607
0,431,1000,3000,1,15,2,1001602
0,432,1000,3000,1,45,2,1001598
0,433,1000,3000,1,38,2,1001632
0,434,1000,3000,1,49,2,1001626
0,435,1000,3000,1,16,2,1001605
0,436,1000,3000,1,22,2,1001593
0,437,1000,3000,1,10,2,1001626
0,438,1000,3000,1,50,2,1001630
0,439,1000,3000,1,6,2,1001579
0,440,1000,3000,1,25,2,1001614
0,441,1000,3000,1,41,2,1001607
0,442,1000,3000,1,14,2,1001634
0,443,1000,3000,1,10,2,1001619
0,444,1000,3000,1,16,2,1001621
0,445,1000,3000,1,19,2,1001611
0,446,1000,3000,1,50,2,1001594
0,447,1000,3000,1,19,2,1001628
0,448,1000,3000,1,4,2,1001624
0,449,1000,3000,1,4,2,1001635
0,450,1000,3000,1,42,2,1001632
0,451,1000,3000,1,4,2,1001619
0,452,1000,3000,1,30,2,1001582
0,453,1000,3000,1,3,2,1001593
0,454,1000,3000,1,34,2,1001604
0,455,1000,3000,1,24,2,1001621
0,456,1000,3000,1,41,2,1001614
0,457,1000,3000,1,15,2,1001626
0,458,1000,3000,1,7,2,1001635
0,459,1000,3000,1,11,2,1001599
0,460,1000,3000,1,17,2,1001618
0,461,1000,3000,1,10,2,1001618
0,462,1000,3000,1,35,2,1001577
0,463,1000,3000,1,39,2,1001620
0,464,1000,3000,1,27,2,1001595
0,465,1000,3000,1,50,2,1001601
0,466,1000,3000,1,22,2,1001626
0,467,1000,3000,1,21,2,1001623
0,468,1000,3000,1,29,2,1001631
0,469,1000,3000,1,43,2,1001623
0,470,1000,3000,1,3,2,1001583
0,32,3019,3000,1,17,1,1001559
0,31,3004,3000,1,8,2,1001580
0,27,3007,3000,1,15,1,1001561
0,24,3021,3000,1,44,1,1001571
0,22,3023,3000,1,4,2,1001821
0,438,1000,3003,2,50,2,1001630
0,446,1000,3004,2,50,2,1001594
0,437,1000,3004,2,10,2,1001626
0,444,1000,3009,2,16,2,1001621
0,435,1000,3011,2,16,2,1001605
0,433,1000,3012,2,38,2,1001632
0,430,1000,3013,2,22,2,1001607
0,458,1000,3013,2,7,2,1001635
0,441,1000,3016,2,41,2,1001607
0,465,1000,3017,2,50,2,1001601
0,428,1000,3017,2,10,2,1001578
0,429,1000,3017,2,20,2,1001619
0,452,1000,3018,2,30,2,1001582
0,459,1000,3018,2,11,2,1001599
0,445,1000,3018,2,19,2,1001611
0,461,1000,3019,2,10,2,1001618
0,449,1000,3020,2,4,2,1001635
0,455,1000,3020,2,24,2,1001621
0,451,1000,3020,2,4,2,1001619
0,466,1000,3024,2,22,2,1001626
0,436,1000,3029,2,22,2,1001593
0,464,1000,3032,2,27,2,1001595
0,450,1000,3034,2,42,2,1001632
0,431,1000,3037,2,15,2,1001602
0,469,1000,3047,2,43,2,1001623
0,439,1000,3048,2,6,2,1001579
0,456,1000,3049,2,41,2,1001614
0,442,1000,3049,2,14,2,1001634
0,75,3031,3050,1,1,1,1001549
0,73,3037,3050,1,28,1,1001570
0,454,1000,3050,2,34,2,1001604
0,71,3015,3050,1,32,2,1001584
0,467,1000,3052,2,21,2,1001623
0,463,1000,3060,2,39,2,1001620
0,468,1000,3061,2,29,2,1001631
0,457,1000,3082,2,15,2,1001626
0,432,1000,3088,2,45,2,1001598
0,434,1000,3094,2,49,2,1001626
0,2,2020,3100,1,35,1,200000
0,76,3031,3100,1,4,1,1001555
0,72,3015,3100,1,13,2,1001762
0,74,3037,3100,1,38,2,1001604
0,9,3024,3100,1,49,1,1001544
0,42,3003,3100,1,14,2,1001584
0,43,3029,3100,1,15,1,1001556
0,43,3001,3100,1,7,2,1001652
0,440,1000,3107,2,25,2,1001614
0,443,1000,3119,2,10,2,1001619
0,462,1000,3121,2,35,2,1001577
0,447,1000,3126,2,19,2,1001628
0,448,1000,3128,2,4,2,1001624
0,470,1000,3145,2,3,2,1001583
0,15,3002,3150,1,15,1,1001545
0,11,3034,3150,1,23,1,1001559
0,22,3030,3150,1,44,2,1001630
0,75,3037,3150,1,15,2,1001577
0,7,2030,3150,1,43,2,0
0,73,3015,3150,1,26,2,1001679
0,33,3019,3150,1,32,1,1001554
0,77,3031,3150,1,37,2,1001803
0,32,3004,3150,1,11,2,1001730
0,28,3012,3150,1,13,1,1001508
0,44,3001,3200,1,23,2,1001577
0,12,3032,3200,1,27,2,1001587
0,28,3007,3200,1,45,2,1001771
0,16,3020,3200,1,18,2,1001579
0,76,3037,3200,1,8,2,1001614
0,44,3029,3200,1,30,2,1001586
0,25,3021,3200,1,46,2,1001755
0,78,3031,3200,1,1,1,1001564
0,43,3003,3200,1,16,1,1001527
0,74,3015,3200,1,17,2,1001613
0,19,3018,3200,1,24,1,1001572
0,460,1000,3201,2,17,2,1001618
0,77,3037,3250,1,2,1,1001472
0,79,3031,3250,1,28,2,1001578
0,22,3017,3250,1,34,1,1001556
0,75,3015,3250,1,16,1,1001455
0,24,3016,3250,1,17,2,1001613
0,21,3008,3250,1,2,2,1001621
0,9,3011,3250,1,24,1,1001540
0,34,3019,3300,1,47,2,1001610
0,471,1000,3300,1,29,1,1001548
0,472,1000,3300,1,18,1,1001525
0,473,1000,3300,1,33,1,1001571
0,474,1000,3300,1,13,1,1001569
0,475,1000,3300,1,6,1,1001569
0,476,1000,3300,1,16,1,1001550
0,477,1000,3300,1,24,1,1001546
0,478,1000,3300,1,43,1,1001526
0,479,1000,3300,1,17,1,1001520
0,480,1000,3300,1,13,1,1001517
0,481,1000,3300,1,16,1,1001527
0,482,1000,3300,1,46,1,1001571
0,483,1000,3300,1,6,1,1001545
0,484,1000,3300,1,37,1,1001539
0,485,1000,3300,1,38,1,1001553
0,486,1000,3300,1,43,1,1001563
0,487,1000,3300,1,4,1,1001535
0,488,1000,3300,1,27,1,1001568
0,489,1000,3300,1,24,1,1001564
0,490,1000,3300,1,14,1,1001562
0,491,1000,3300,1,45,1,1001556
0,492,1000,3300,1,38,1,1001538
0,493,1000,3300,1,28,1,1001547
0,494,1000,3300,1,26,1,1001569
0,495,1000,3300,1,19,1,1001541
0,496,1000,3300,1,3,1,1001558
0,497,1000,3300,1,13,1,1001515
0,498,1000,3300,1,32,1,1001549
0,499,1000,3300,1,12,1,1001568
0,500,1000,3300,1,11,1,1001550
0,501,1000,3300,1,29,1,1001546
0,502,1000,3300,1,29,1,1001571
0,503,1000,3300,1,32,1,1001573
0,504,1000,3300,1,24,1,1001531
0,505,1000,3300,1,28,1,1001530
0,506,1000,3300,1,28,1,1001552
0,507,1000,3300,1,42,1,1001542
0,508,1000,3300,1,13,1,1001560
0,509,1000,3300,1,46,1,1001572
0,510,1000,3300,1,5,1,1001516
0,511,1000,3300,1,26,1,1001560
0,512,1000,3300,1,25,1,1001548
0,513,1000,3300,1,34,1,1001539
0,514,1000,3300,1,38,1,1001561
0,515,1000,3300,1,24,1,1001519
0,516,1000,3300,1,26,1,1001520
0,517,1000,3300,1,35,1,1001526
0,518,1000,3300,1,26,1,1001572
0,519,1000,3300,1,44,1,1001525
0,520,1000,3300,1,50,1,1001549
0,521,1000,3300,1,1,1,1001571
0,522,1000,3300,1,33,1,1001553
0,523,1000,3300,1,16,1,1001554
0,524,1000,3300,1,26,1,1001521
0,525,1000,3300,1,3,1,1001539
0,526,1000,3300,1,29,1,1001552
0,527,1000,3300,1,45,1,1001571
0,528,1000,3300,1,11,1,1001560
0,529,1000,3300,1,36,1,1001563
0,530,1000,3300,1,39,1,1001519
0,485,1000,3300,2,38,1,1001553
0,513,1000,3300,2,34,1,1001539
0,522,1000,3300,2,33,1,1001553
0,23,3023,3300,1,38,2,1001625
0,29,3012,3300,1,37,1,1001541
0,33,3004,3300,1,2,2,1001747
0,10,3025,3300,1,31,1,1001548
0,80,3031,3300,1,3,1,1001569
0,45,3029,3300,1,17,2,1001579
0,78,3037,3300,1,20,2,1001705
0,76,3015,3300,1,33,1,1001574
0,45,3001,3300,1,29,1,1001560
0,24,3006,3300,1,11,1,1001572
0,44,3003,3300,1,17,2,1001642
0,525,1000,3301,2,3,1,1001539
0,488,1000,3301,2,27,1,1001568
0,453,1000,3302,2,3,2,1001593
0,519,1000,3302,2,44,1,1001525
0,500,1000,3303,2,11,1,1001550
0,492,1000,3303,2,38,1,1001538
0,474,1000,3304,2,13,1,1001569
0,527,1000,3304,2,45,1,1001571
0,482,1000,3305,2,46,1,1001571
0,505,1000,3305,2,28,1,1001530
0,472,1000,3310,2,18,1,1001525
0,518,1000,3313,2,26,1,1001572
0,515,1000,3315,2,24,1,1001519
0,495,1000,3316,2,19,1,1001541
0,491,1000,3317,2,45,1,1001556
0,498,1000,3318,2,32,1,1001549
0,528,1000,3320,2,11,1,1001560
0,523,1000,3321,2,16,1,1001554
0,508,1000,3322,2,13,1,1001560
0,490,1000,3322,2,14,1,1001562
0,493,1000,3324,2,28,1,1001547
0,499,1000,3325,2,12,1,1001568
0,471,1000,3325,2,29,1,1001548
0,503,1000,3325,2,32,1,1001573
0,521,1000,3326,2,1,1,1001571
0,494,1000,3327,2,26,1,1001569
0,501,1000,3327,2,29,1,1001546
0,497,1000,3327,2,13,1,1001515
0,507,1000,3331,2,42,1,1001542
0,477,1000,3331,2,24,1,1001546
0,502,1000,3333,2,29,1,1001571
0,512,1000,3333,2,25,1,1001548
0,473,1000,3336,2,33,1,1001571
0,475,1000,3336,2,6,1,1001569
0,506,1000,3337,2,28,1,1001552
0,529,1000,3338,2,36,1,1001563
0,486,1000,3341,2,43,1,1001563
0,504,1000,3341,2,24,1,1001531
0,483,1000,3345,2,6,1,1001545
0,484,1000,3346,2,37,1,1001539
0,476,1000,3347,2,16,1,1001550
0,517,1000,3347,2,35,1,1001526
0,524,1000,3349,2,26,1,1001521
0,487,1000,3350,2,4,1,1001535
0,77,3015,3350,1,13,1,1001509
0,81,3031,3350,1,15,1,1001565
0,79,3037,3350,1,37,2,1001662
0,530,1000,3351,2,39,1,1001519
0,520,1000,3352,2,50,1,1001549
0,478,1000,3361,2,43,1,1001526
0,481,1000,3364,2,16,1,1001527
0,489,1000,3378,2,24,1,1001564
0,514,1000,3378,2,38,1,1001561
0,509,1000,3396,2,46,1,1001572
0,479,1000,3399,2,17,1,1001520
0,45,3003,3400,1,49,1,1001551
0,29,3007,3400,1,11,1,1001574
0,82,3031,3400,1,6,1,1001531
0,46,3001,3400,1,9,1,1001558
0,78,3015,3400,1,13,1,1001553
0,17,3014,3400,1,48,1,1001558
0,46,3029,3400,1,18,1,1001563
0,26,3021,3400,1,14,2,1001641
0,80,3037,3400,1,29,1,1001314
0,480,1000,3402,2,13,1,1001517
0,510,1000,3407,2,5,1,1001516
0,526,1000,3420,2,29,1,1001552
0,516,1000,3439,2,26,1,1001520
0,35,3019,3450,1,31,2,1001577
0,30,3012,3450,1,2,1,1001374
0,79,3015,3450,1,40,2,1001620
0,81,3037,3450,1,10,1,1001561
0,34,3004,3450,1,10,2,1001593
0,83,3031,3450,1,40,1,1001572
0,496,1000,3480,2,3,1,1001558
0,47,3001,3500,1,15,2,1001630
0,46,3003,3500,1,17,2,1001606
0,511,1000,3500,2,26,1,1001560
0,47,3029,3500,1,38,2,1001596
0,13,3028,3500,1,35,2,1001593
0,80,3015,3500,1,49,1,1001552
0,23,3030,3500,1,36,1,1001568
0,84,3031,3500,1,46,1,1001571
0,25,3016,3500,1,22,1,1001502
0,7,2048,3500,1,41,2,0
0,82,3037,3500,1,40,2,1001593
0,23,3017,3500,1,18,2,1001697
0,22,3008,3500,1,38,1,1001566
0,85,3031,3550,1,3,2,1001594
0,83,3037,3550,1,49,2,1001592
0,81,3015,3550,1,36,2,1001594
0,47,3003,3600,1,2,2,1001743
0,48,3001,3600,1,10,1,1001417
0,48,3029,3600,1,19,1,1001526
0,13,3022,3600,1,1,1,1001493
0,82,3015,3600,1,34,2,1001616
0,24,3023,3600,1,10,1,1001567
0,25,3006,3600,1,45,1,1001575
0,30,3007,3600,1,3,2,1001582
0,27,3021,3600,1,7,1,1001425
0,36,3019,3600,1,27,2,1001587
0,531,1000,3600,1,26,1,1001575
0,532,1000,3600,1,42,1,1001554
0,533,1000,3600,1,27,1,1001570
0,534,1000,3600,1,19,1,1001543
0,535,1000,3600,1,48,1,1001538
0,536,1000,3600,1,9,1,1001518
0,537,1000,3600,1,27,1,1001569
0,538,1000,3600,1,19,1,1001572
0,539,1000,3600,1,28,1,1001535
0,540,1000,3600,1,6,1,1001524
0,541,1000,3600,1,25,1,1001522
0,542,1000,3600,1,48,1,1001557
0,543,1000,3600,1,41,1,1001563
0,544,1000,3600,1,24,1,1001531
0,545,1000,3600,1,26,1,1001569
0,546,1000,3600,1,44,1,1001543
0,547,1000,3600,1,43,1,1001530
0,548,1000,3600,1,6,1,1001523
0,549,1000,3600,1,29,1,1001529
0,550,1000,3600,1,37,1,1001555
0,551,1000,3600,1,8,1,1001568
0,552,1000,3600,1,18,1,1001569
0,553,1000,3600,1,27,1,1001554
0,554,1000,3600,1,6,1,1001540
0,555,1000,3600,1,25,1,1001537
0,556,1000,3600,1,14,1,1001521
0,557,1000,3600,1,15,1,1001540
0,558,1000,3600,1,15,1,1001521
0,559,1000,3600,1,21,1,1001521
0,560,1000,3600,1,22,1,1001569
0,561,1000,3600,1,2,1,1001529
0,562,1000,3600,1,17,1,1001543
0,563,1000,3600,1,24,1,1001549
0,564,1000,3600,1,5,1,1001561
0,565,1000,3600,1,3,1,1001527
0,566,1000,3600,1,9,1,1001559
0,567,1000,3600,1,33,1,1001522
0,568,1000,3600,1,10,1,1001516
0,569,1000,3600,1,21,1,1001529
0,570,1000,3600,1,43,1,1001555
0,571,1000,3600,1,15,1,1001522
0,572,1000,3600,1,34,1,1001516
0,573,1000,3600,1,10,1,1001539
0,574,1000,3600,1,50,1,1001533
0,575,1000,3600,1,31,1,1001566
0,576,1000,3600,1,5,1,1001530
0,577,1000,3600,1,20,1,1001571
0,578,1000,3600,1,17,1,1001532
0,579,1000,3600,1,18,1,1001539
0,580,1000,3600,1,6,1,1001560
0,581,1000,3600,1,50,1,1001555
0,582,1000,3600,1,37,1,1001522
0,583,1000,3600,1,43,1,1001552
0,584,1000,3600,1,42,1,1001516
0,585,1000,3600,1,43,1,1001556
0,586,1000,3600,1,49,1,1001568
0,587,1000,3600,1,43,1,1001552
0,588,1000,3600,1,26,1,1001515
0,589,1000,3600,1,2,1,1001537
0,590,1000,3600,1,42,1,1001563
0,538,1000,3600,2,19,1,1001572
0,35,3004,3600,1,16,2,1001580
0,86,3031,3600,1,26,1,1001502
0,20,3018,3600,1,13,2,1001583
0,8,2030,3600,1,12,1,200000
0,31,3012,3600,1,37,1,1001539
0,84,3037,3600,1,37,2,1001581
0,583,1000,3601,2,43,1,1001552
0,562,1000,3601,2,17,1,1001543
0,589,1000,3602,2,2,1,1001537
0,580,1000,3602,2,6,1,1001560
0,585,1000,3603,2,43,1,1001556
0,559,1000,3603,2,21,1,1001521
0,561,1000,3604,2,2,1,1001529
0,548,1000,3605,2,6,1,1001523
0,572,1000,3605,2,34,1,1001516
0,555,1000,3606,2,25,1,1001537
0,534,1000,3608,2,19,1,1001543
0,540,1000,3610,2,6,1,1001524
0,576,1000,3610,2,5,1,1001530
0,541,1000,3613,2,25,1,1001522
0,544,1000,3614,2,24,1,1001531
0,566,1000,3615,2,9,1,1001559
0,565,1000,3616,2,3,1,1001527
0,532,1000,3617,2,42,1,1001554
0,578,1000,3621,2,17,1,1001532
0,557,1000,3621,2,15,1,1001540
0,586,1000,3621,2,49,1,1001568
0,563,1000,3624,2,24,1,1001549
0,539,1000,3625,2,28,1,1001535
0,581,1000,3625,2,50,1,1001555
0,570,1000,3626,2,43,1,1001555
0,546,1000,3628,2,44,1,1001543
0,571,1000,3630,2,15,1,1001522
0,531,1000,3630,2,26,1,1001575
0,569,1000,3633,2,21,1,1001529
0,545,1000,3635,2,26,1,1001569
0,577,1000,3636,2,20,1,1001571
0,588,1000,3637,2,26,1,1001515
0,536,1000,3638,2,9,1,1001518
0,547,1000,3640,2,43,1,1001530
0,556,1000,3642,2,14,1,1001521
0,560,1000,3642,2,22,1,1001569
0,533,1000,3643,2,27,1,1001570
0,568,1000,3644,2,10,1,1001516
0,574,1000,3645,2,50,1,1001533
0,551,1000,3646,2,8,1,1001568
0,558,1000,3646,2,15,1,1001521
0,582,1000,3649,2,37,1,1001522
0,87,3031,3650,1,23,1,1001515
0,85,3037,3650,1,28,1,1001573
0,11,3005,3650,1,26,1,1001517
0,83,3015,3650,1,50,1,1001544
0,537,1000,3654,2,27,1,1001569
0,587,1000,3655,2,43,1,1001552
0,579,1000,3656,2,18,1,1001539
0,543,1000,3658,2,41,1,1001563
0,584,1000,3660,2,42,1,1001516
0,550,1000,3661,2,37,1,1001555
0,535,1000,3671,2,48,1,1001538
0,549,1000,3675,2,29,1,1001529
0,564,1000,3677,2,5,1,1001561
0,590,1000,3681,2,42,1,1001563
0,542,1000,3683,2,48,1,1001557
0,49,3001,3700,1,39,2,1001627
0,86,3037,3700,1,4,2,1001576
0,84,3015,3700,1,46,2,1001580
0,48,3003,3700,1,6,1,1001485
0,88,3031,3700,1,5,2,1001585
0,49,3029,3700,1,47,2,1001587
0,554,1000,3704,2,6,1,1001540
0,573,1000,3721,2,10,1,1001539
0,567,1000,3722,2,33,1,1001522
0,552,1000,3722,2,18,1,1001569
0,553,1000,3728,2,27,1,1001554
0,575,1000,3735,2,31,1,1001566
0,36,3004,3750,1,14,2,1001581
0,89,3031,3750,1,48,2,1001580
0,87,3037,3750,1,20,2,1001579
0,85,3015,3750,1,43,1,1001568
0,24,3017,3750,1,43,1,1001362
0,23,3008,3750,1,46,2,1001649
0,37,3019,3750,1,27,2,1001596
0,32,3012,3750,1,39,2,1001588
0,26,3016,3750,1,9,2,1001600
0,49,3003,3800,1,42,2,1001582
0,86,3015,3800,1,26,1,1001425
0,50,3001,3800,1,18,1,1001482
0,28,3021,3800,1,45,1,1001492
0,88,3037,3800,1,26,2,1001620
0,90,3031,3800,1,44,1,1001451
0,50,3029,3800,1,9,2,1001628
0,31,3007,3800,1,39,1,1001531
0,87,3015,3850,1,26,1,1001409
0,89,3037,3850,1,28,1,1001532
0,24,3030,3850,1,22,1,1001544
0,91,3031,3850,1,38,2,1001624
0,26,3006,3900,1,6,1,1001442
0,90,3037,3900,1,15,2,1001598
0,38,3019,3900,1,2,1,1001566
0,92,3031,3900,1,3,1,1001560
0,37,3004,3900,1,34,2,1001593
0,33,3012,3900,1,21,2,1001610
0,15,3027,3900,1,6,1,1001559
0,12,3013,3900,1,29,1,1001489
0,51,3029,3900,1,34,2,1001584
0,88,3015,3900,1,10,2,1001597
0,25,3023,3900,1,35,1,1001574
0,50,3003,3900,1,40,2,1001602
0,51,3001,3900,1,48,2,1001640
0,591,1000,3900,1,18,1,1001565
0,592,1000,3900,1,8,1,1001521
0,593,1000,3900,1,32,1,1001569
0,594,1000,3900,1,14,1,1001527
0,595,1000,3900,1,45,1,1001567
0,596,1000,3900,1,43,1,1001532
0,597,1000,3900,1,26,1,1001524
0,598,1000,3900,1,9,1,1001550
0,599,1000,3900,1,14,1,1001560
0,600,1000,3900,1,24,1,1001566
0,601,1000,3900,1,11,1,1001521
0,602,1000,3900,1,10,1,1001549
0,603,1000,3900,1,21,1,1001572
0,604,1000,3900,1,37,1,1001546
0,605,1000,3900,1,48,1,1001534
0,606,1000,3900,1,40,1,1001517
0,607,1000,3900,1,14,1,1001521
0,608,1000,3900,1,48,1,1001544
0,609,1000,3900,1,38,1,1001549
0,610,1000,3900,1,23,1,1001540
0,611,1000,3900,1,10,1,1001542
0,612,1000,3900,1,28,1,1001570
0,613,1000,3900,1,23,1,1001559
0,614,1000,3900,1,40,1,1001544
0,615,1000,3900,1,44,1,1001574
0,616,1000,3900,1,4,1,1001554
0,617,1000,3900,1,49,1,1001540
0,618,1000,3900,1,46,1,1001563
0,619,1000,3900,1,45,1,1001552
0,620,1000,3900,1,11,1,1001535
0,621,1000,3900,1,46,1,1001565
0,622,1000,3900,1,49,1,1001539
0,623,1000,3900,1,13,1,1001539
0,624,1000,3900,1,16,1,1001568
0,625,1000,3900,1,8,1,1001544
0,626,1000,3900,1,19,1,1001532
0,627,1000,3900,1,38,1,1001540
0,628,1000,3900,1,18,1,1001533
0,629,1000,3900,1,2,1,1001546
0,630,1000,3900,1,50,1,1001540
0,631,1000,3900,1,9,1,1001544
0,632,1000,3900,1,39,1,1001568
0,633,1000,3900,1,25,1,1001544
0,634,1000,3900,1,48,1,1001551
0,635,1000,3900,1,40,1,1001568
0,636,1000,3900,1,9,1,1001525
0,637,1000,3900,1,19,1,1001517
0,638,1000,3900,1,37,1,1001543
0,639,1000,3900,1,43,1,1001522
0,640,1000,3900,1,38,1,1001560
0,641,1000,3900,1,1,1,1001546
0,642,1000,3900,1,39,1,1001519
0,643,1000,3900,1,49,1,1001541
0,644,1000,3900,1,14,1,1001521
0,645,1000,3900,1,10,1,1001573
0,646,1000,3900,1,15,1,1001529
0,647,1000,3900,1,49,1,1001534
0,648,1000,3900,1,36,1,1001530
0,649,1000,3900,1,32,1,1001544
0,650,1000,3900,1,22,1,1001569
0,634,1000,3902,2,48,1,1001551
0,607,1000,3902,2,14,1,1001521
0,647,1000,3903,2,49,1,1001534
0,617,1000,3903,2,49,1,1001540
0,641,1000,3903,2,1,1,1001546
0,630,1000,3903,2,50,1,1001540
0,622,1000,3903,2,49,1,1001539
0,612,1000,3904,2,28,1,1001570
0,596,1000,3905,2,43,1,1001532
0,624,1000,3906,2,16,1,1001568
0,628,1000,3906,2,18,1,1001533
0,613,1000,3907,2,23,1,1001559
0,598,1000,3907,2,9,1,1001550
0,635,1000,3907,2,40,1,1001568
0,593,1000,3908,2,32,1,1001569
0,623,1000,3908,2,13,1,1001539
0,614,1000,3909,2,40,1,1001544
0,611,1000,3909,2,10,1,1001542
0,633,1000,3910,2,25,1,1001544
0,594,1000,3910,2,14,1,1001527
0,621,1000,3913,2,46,1,1001565
0,649,1000,3917,2,32,1,1001544
0,631,1000,3921,2,9,1,1001544
0,648,1000,3922,2,36,1,1001530
0,618,1000,3922,2,46,1,1001563
0,602,1000,3923,2,10,1,1001549
0,619,1000,3924,2,45,1,1001552
0,606,1000,3924,2,40,1,1001517
0,639,1000,3925,2,43,1,1001522
0,644,1000,3932,2,14,1,1001521
0,597,1000,3937,2,26,1,1001524
0,636,1000,3938,2,9,1,1001525
0,600,1000,3939,2,24,1,1001566
0,632,1000,3939,2,39,1,1001568
0,615,1000,3941,2,44,1,1001574
0,642,1000,3942,2,39,1,1001519
0,591,1000,3947,2,18,1,1001565
0,1,2003,3950,1,32,2,0
0,91,3037,3950,1,43,2,1001692
0,89,3015,3950,1,12,1,1001392
0,93,3031,3950,1,27,2,1001624
0,640,1000,3951,2,38,1,1001560
0,592,1000,3951,2,8,1,1001521
0,627,1000,3953,2,38,1,1001540
0,620,1000,3955,2,11,1,1001535
0,625,1000,3955,2,8,1,1001544
0,610,1000,3960,2,23,1,1001540
0,643,1000,3961,2,49,1,1001541
0,650,1000,3966,2,22,1,1001569
0,605,1000,3971,2,48,1,1001534
0,646,1000,3977,2,15,1,1001529
0,599,1000,3980,2,14,1,1001560
0,629,1000,3980,2,2,1,1001546
0,603,1000,3982,2,21,1,1001572
0,608,1000,3983,2,48,1,1001544
0,609,1000,3985,2,38,1,1001549
0,637,1000,3998,2,19,1,1001517
0,90,3015,4000,1,28,2,1001580
0,25,3017,4000,1,18,1,1001567
0,29,3021,4000,1,39,1,1001444
0,52,3001,4000,1,2,2,1001693
0,52,3029,4000,1,3,2,1001637
0,92,3037,4000,1,18,1,1001502
0,12,3010,4000,1,1,2,1001576
0,32,3007,4000,1,20,1,1001510
0,17,3020,4000,1,5,1,1001555
0,24,3008,4000,1,17,1,1001546
0,94,3031,4000,1,27,2,1001577
0,27,3016,4000,1,44,2,1001615
0,21,3018,4000,1,6,1,1001539
0,51,3003,4000,1,42,2,1001591
0,8,2048,4000,1,38,2,0
0,616,1000,4003,2,4,1,1001554
0,595,1000,4009,2,45,1,1001567
0,601,1000,4031,2,11,1,1001521
0,626,1000,4046,2,19,1,1001532
0,39,3019,4050,1,3,1,1001558
0,13,3036,4050,1,21,2,1001580
0,38,3004,4050,1,5,2,1001576
0,9,3026,4050,1,17,2,1001617
0,95,3031,4050,1,6,1,1001432
0,34,3012,4050,1,36,1,1001547
0,91,3015,4050,1,22,2,1001588
0,93,3037,4050,1,3,2,1001682
0,9,2030,4050,1,36,1,200000
0,604,1000,4051,2,37,1,1001546
0,645,1000,4055,2,10,1,1001573
0,96,3031,4100,1,42,1,1001549
0,52,3003,4100,1,9,2,1001595
0,53,3029,4100,1,41,1,1001488
0,94,3037,4100,1,2,2,1001591
0,53,3001,4100,1,18,1,1001566
0,92,3015,4100,1,22,1,1001546
0,638,1000,4122,2,37,1,1001543
0,93,3015,4150,1,8,1,1001567
0,97,3031,4150,1,47,1,1001477
0,95,3037,4150,1,26,1,1001564
0,35,3012,4200,1,24,1,1001559
0,39,3004,4200,1,12,1,1001566
0,53,3003,4200,1,10,1,1001451
0,30,3021,4200,1,32,2,1001607
0,96,3037,4200,1,7,2,1001630
0,651,1000,4200,1,4,2,1001613
0,652,1000,4200,1,1,2,1001592
0,653,1000,4200,1,24,2,1001622
0,654,1000,4200,1,29,2,1001628
0,655,1000,4200,1,35,2,1001577
0,656,1000,4200,1,49,2,1001595
0,657,1000,4200,1,37,2,1001610
0,658,1000,4200,1,34,2,1001615
0,659,1000,4200,1,12,2,1001579
0,660,1000,4200,1,13,2,1001587
0,661,1000,4200,1,39,2,1001576
0,662,1000,4200,1,43,2,1001630
0,663,1000,4200,1,24,2,1001596
0,664,1000,4200,1,45,2,1001635
0,665,1000,4200,1,14,2,1001578
0,666,1000,4200,1,31,2,1001618
0,667,1000,4200,1,9,2,1001587
0,668,1000,4200,1,41,2,1001605
0,669,1000,4200,1,4,2,1001615
0,670,1000,4200,1,18,2,1001604
0,12,3034,4200,1,29,2,1001577
0,33,3007,4200,1,8,2,1001585
0,98,3031,4200,1,4,2,1001577
0,27,3006,4200,1,48,2,1001578
0,25,3030,4200,1,39,1,1001502
0,54,3001,4200,1,17,1,1001516
0,40,3019,4200,1,36,2,1001778
0,94,3015,4200,1,2,2,1001778
0,54,3029,4200,1,27,1,1001573
0,16,3002,4200,1,32,1,1001563
0,26,3023,4200,1,36,1,1001570
0,655,1000,4201,2,35,2,1001577
0,664,1000,4204,2,45,2,1001635
0,654,1000,4204,2,29,2,1001628
0,666,1000,4204,2,31,2,1001618
0,663,1000,4206,2,24,2,1001596
0,657,1000,4209,2,37,2,1001610
0,669,1000,4211,2,4,2,1001615
0,652,1000,4214,2,1,2,1001592
0,662,1000,4220,2,43,2,1001630
0,668,1000,4220,2,41,2,1001605
0,670,1000,4223,2,18,2,1001604
0,658,1000,4226,2,34,2,1001615
0,656,1000,4229,2,49,2,1001595
0,26,3017,4250,1,15,1,1001447
0,95,3015,4250,1,18,2,1001577
0,97,3037,4250,1,13,1,1001561
0,99,3031,4250,1,50,1,1001380
0,28,3016,4250,1,35,2,1001624
0,18,3014,4250,1,36,1,1001558
0,25,3008,4250,1,26,2,1001607
0,653,1000,4256,2,24,2,1001622
0,660,1000,4259,2,13,2,1001587
0,659,1000,4262,2,12,2,1001579
0,667,1000,4269,2,9,2,1001587
0,665,1000,4288,2,14,2,1001578
0,651,1000,4292,2,4,2,1001613
0,661,1000,4294,2,39,2,1001576
0,98,3037,4300,1,49,2,1001594
0,55,3029,4300,1,33,1,1001328
0,96,3015,4300,1,14,2,1001704
0,55,3001,4300,1,44,2,1001579
0,100,3031,4300,1,19,2,1001588
0,54,3003,4300,1,27,1,1001474
0,101,3031,4350,1,24,2,1001707
0,41,3019,4350,1,33,1,1001503
0,99,3037,4350,1,49,1,1001573
0,97,3015,4350,1,9,2,1001832
0,40,3004,4350,1,2,1,1001512
0,36,3012,4350,1,24,1,1001491
0,56,3001,4400,1,39,2,1001581
0,98,3015,4400,1,7,2,1001596
0,15,3035,4400,1,23,2,1001577
0,56,3029,4400,1,28,1,1001269
0,34,3007,4400,1,15,1,1001567
0,31,3021,4400,1,45,1,1001575
0,22,3018,4400,1,46,2,1001606
0,11,3025,4400,1,30,1,1001557
0,100,3037,4400,1,36,1,1001569
0,55,3003,4400,1,48,1,1001508
0,102,3031,4400,1,5,2,1001648
0,101,3037,4450,1,48,1,1001448
0,99,3015,4450,1,25,1,1001531
0,103,3031,4450,1,34,2,1001576
0,57,3001,4500,1,19,2,1001587
0,9,2048,4500,1,40,2,0
0,102,3037,4500,1,50,1,1001574
0,671,1000,4500,1,40,2,1001600
0,672,1000,4500,1,22,2,1001598
0,673,1000,4500,1,15,2,1001608
0,674,1000,4500,1,31,2,1001583
0,675,1000,4500,1,32,2,1001585
0,56,3003,4500,1,4,2,1001576
0,27,3017,4500,1,30,1,1001502
0,41,3004,4500,1,6,2,1001576
0,104,3031,4500,1,39,2,1001623
0,29,3016,4500,1,48,2,1001651
0,100,3015,4500,1,44,1,1001464
0,28,3006,4500,1,33,2,1001602
0,27,3023,4500,1,43,1,1001559
0,26,3008,4500,1,34,1,1001568
0,10,2030,4500,1,43,2,0
0,37,3012,4500,1,1,2,1001592
0,14,3022,4500,1,20,1,1001513
0,42,3019,4500,1,10,1,1001530
0,57,3029,4500,1,8,1,1001548
0,674,1000,4506,2,31,2,1001583
0,26,3030,4550,1,39,2,1001578
0,105,3031,4550,1,10,2,1001579
0,101,3015,4550,1,11,1,1001558
0,103,3037,4550,1,6,2,1001642
0,671,1000,4557,2,40,2,1001600
0,675,1000,4561,2,32,2,1001585
0,673,1000,4574,2,15,2,1001608
0,672,1000,4577,2,22,2,1001598
0,32,3021,4600,1,9,2,1001581
0,58,3029,4600,1,5,1,1001567
0,102,3015,4600,1,49,2,1001646
0,35,3007,4600,1,20,2,1001732
0,57,3003,4600,1,45,1,1001526
0,106,3031,4600,1,8,1,1001564
0,58,3001,4600,1,48,2,1001777
0,104,3037,4600,1,26,2,1001587
0,42,3004,4650,1,1,1,1001346
0,43,3019,4650,1,5,2,1001680
0,103,3015,4650,1,18,2,1001789
0,38,3012,4650,1,33,1,1001574
0,107,3031,4650,1,32,2,1001740
0,105,3037,4650,1,37,1,1001398
0,3,2020,4650,1,23,2,0
0,10,3024,4650,1,45,1,1001516
0,104,3015,4700,1,2,1,1001534
0,58,3003,4700,1,24,1,1001555
0,59,3001,4700,1,38,1,1001550
0,59,3029,4700,1,44,1,1001574
0,108,3031,4700,1,49,2,1001576
0,106,3037,4700,1,11,2,1001585
0,27,3008,4750,1,31,1,1001556
0,30,3016,4750,1,20,1,1001466
0,107,3037,4750,1,29,1,1001472
0,109,3031,4750,1,40,2,1001959
0,28,3017,4750,1,41,1,1001572
0,105,3015,4750,1,17,2,1001580
0,60,3001,4800,1,43,2,1001594
0,106,3015,4800,1,8,2,1001598
0,39,3012,4800,1,30,2,1001596
0,23,3018,4800,1,30,2,1001580
0,33,3021,4800,1,21,2,1001613
0,108,3037,4800,1,48,2,1001617
0,18,3020,4800,1,38,1,1001571
0,110,3031,4800,1,46,2,1001576
0,29,3006,4800,1,9,1,1001574
0,59,3003,4800,1,8,1,1001566
0,60,3029,4800,1,31,1,1001459
0,36,3007,4800,1,43,2,1001580
0,43,3004,4800,1,23,1,1001570
0,44,3019,4800,1,9,1,1001557
0,676,1000,4800,1,23,1,1001544
0,677,1000,4800,1,14,1,1001518
0,678,1000,4800,1,32,1,1001515
0,679,1000,4800,1,30,1,1001537
0,680,1000,4800,1,39,1,1001537
0,681,1000,4800,1,39,1,1001516
0,682,1000,4800,1,23,1,1001526
0,683,1000,4800,1,37,1,1001555
0,684,1000,4800,1,40,1,1001565
0,685,1000,4800,1,24,1,1001555
0,686,1000,4800,1,40,1,1001573
0,687,1000,4800,1,18,1,1001517
0,688,1000,4800,1,15,1,1001515
0,689,1000,4800,1,35,1,1001522
0,690,1000,4800,1,28,1,1001525
0,691,1000,4800,1,31,1,1001531
0,692,1000,4800,1,38,1,1001574
0,693,1000,4800,1,35,1,1001544
0,694,1000,4800,1,10,1,1001525
0,695,1000,4800,1,36,1,1001545
0,696,1000,4800,1,12,1,1001523
0,697,1000,4800,1,37,1,1001550
0,698,1000,4800,1,5,1,1001557
0,699,1000,4800,1,25,1,1001515
0,700,1000,4800,1,32,1,1001523
0,701,1000,4800,1,10,1,1001566
0,702,1000,4800,1,43,1,1001550
0,703,1000,4800,1,8,1,1001575
0,704,1000,4800,1,20,1,1001553
0,705,1000,4800,1,17,1,1001572
0,706,1000,4800,1,2,1,1001555
0,707,1000,4800,1,28,1,1001568
0,708,1000,4800,1,13,1,1001562
0,709,1000,4800,1,14,1,1001557
0,710,1000,4800,1,19,1,1001531
0,711,1000,4800,1,20,1,1001547
0,712,1000,4800,1,43,1,1001559
0,713,1000,4800,1,45,1,1001564
0,714,1000,4800,1,10,1,1001571
0,715,1000,4800,1,22,1,1001540
0,716,1000,4800,1,12,1,1001553
0,717,1000,4800,1,32,1,1001517
0,718,1000,4800,1,18,1,1001544
0,719,1000,4800,1,38,1,1001531
0,720,1000,4800,1,20,1,1001547
0,721,1000,4800,1,36,1,1001543
0,722,1000,4800,1,46,1,1001553
0,723,1000,4800,1,16,1,1001558
0,724,1000,4800,1,31,1,1001539
0,725,1000,4800,1,12,1,1001523
0,726,1000,4800,1,50,1,1001529
0,727,1000,4800,1,39,1,1001515
0,728,1000,4800,1,41,1,1001567
0,729,1000,4800,1,44,1,1001529
0,730,1000,4800,1,38,1,1001575
0,731,1000,4800,1,47,1,1001574
0,732,1000,4800,1,37,1,1001570
0,733,1000,4800,1,39,1,1001535
0,734,1000,4800,1,8,1,1001521
0,735,1000,4800,1,3,1,1001554
0,697,1000,4800,2,37,1,1001550
0,717,1000,4800,2,32,1,1001517
0,28,3023,4800,1,11,1,1001554
0,690,1000,4801,2,28,1,1001525
0,692,1000,4801,2,38,1,1001574
0,686,1000,4801,2,40,1,1001573
0,710,1000,4802,2,19,1,1001531
0,696,1000,4806,2,12,1,1001523
0,693,1000,4807,2,35,1,1001544
0,728,1000,4808,2,41,1,1001567
0,702,1000,4808,2,43,1,1001550
0,676,1000,4808,2,23,1,1001544
0,730,1000,4808,2,38,1,1001575
0,719,1000,4808,2,38,1,1001531
0,706,1000,4809,2,2,1,1001555
0,707,1000,4809,2,28,1,1001568
0,687,1000,4810,2,18,1,1001517
0,733,1000,4810,2,39,1,1001535
0,713,1000,4810,2,45,1,1001564
0,694,1000,4810,2,10,1,1001525
0,724,1000,4811,2,31,1,1001539
0,704,1000,4811,2,20,1,1001553
0,677,1000,4813,2,14,1,1001518
0,721,1000,4814,2,36,1,1001543
0,734,1000,4814,2,8,1,1001521
0,701,1000,4818,2,10,1,1001566
0,699,1000,4819,2,25,1,1001515
0,691,1000,4820,2,31,1,1001531
0,685,1000,4822,2,24,1,1001555
0,689,1000,4823,2,35,1,1001522
0,716,1000,4824,2,12,1,1001553
0,695,1000,4825,2,36,1,1001545
0,727,1000,4825,2,39,1,1001515
0,715,1000,4825,2,22,1,1001540
0,683,1000,4825,2,37,1,1001555
0,723,1000,4828,2,16,1,1001558
0,703,1000,4829,2,8,1,1001575
0,700,1000,4829,2,32,1,1001523
0,705,1000,4829,2,17,1,1001572
0,731,1000,4832,2,47,1,1001574
0,679,1000,4834,2,30,1,1001537
0,720,1000,4835,2,20,1,1001547
0,732,1000,4838,2,37,1,1001570
0,111,3031,4850,1,15,1,1001569
0,107,3015,4850,1,49,2,1001615
0,109,3037,4850,1,49,2,1001866
0,678,1000,4851,2,32,1,1001515
0,712,1000,4855,2,43,1,1001559
0,708,1000,4856,2,13,1,1001562
0,711,1000,4857,2,20,1,1001547
0,688,1000,4860,2,15,1,1001515
0,729,1000,4862,2,44,1,1001529
0,726,1000,4868,2,50,1,1001529
0,714,1000,4873,2,10,1,1001571
0,709,1000,4880,2,14,1,1001557
0,718,1000,4881,2,18,1,1001544
0,112,3031,4900,1,37,1,1001499
0,108,3015,4900,1,50,1,1001562
0,61,3001,4900,1,42,1,1001519
0,60,3003,4900,1,35,2,1001583
0,110,3037,4900,1,4,1,1001412
0,61,3029,4900,1,32,1,1001518
0,27,3030,4900,1,36,2,1001626
0,698,1000,4902,2,5,1,1001557
0,722,1000,4904,2,46,1,1001553
0,684,1000,4905,2,40,1,1001565
0,735,1000,4905,2,3,1,1001554
0,681,1000,4906,2,39,1,1001516
0,725,1000,4907,2,12,1,1001523
0,111,3037,4950,1,44,1,1001555
0,40,3012,4950,1,10,2,1001632
0,109,3015,4950,1,5,2,1001596
0,11,2030,4950,1,26,1,200000
0,45,3019,4950,1,31,2,1001577
0,113,3031,4950,1,38,1,1001559
0,44,3004,4950,1,18,1,1001454
0,680,1000,4980,2,39,1,1001537
0,31,3016,5000,1,48,1,1001544
0,112,3037,5000,1,20,2,1001650
0,110,3015,5000,1,6,1,1001463
0,29,3017,5000,1,35,1,1001573
0,62,3001,5000,1,33,1,1001544
0,62,3029,5000,1,34,2,1001578
0,13,3010,5000,1,33,2,1001651
0,37,3007,5000,1,47,1,1001528
0,34,3021,5000,1,41,2,1001707
0,114,3031,5000,1,36,1,1001574
0,61,3003,5000,1,10,2,1001582
0,28,3008,5000,1,24,1,1001573
0,10,2048,5000,1,30,1,200000
0,113,3037,5050,1,5,2,1001635
0,115,3031,5050,1,21,1,1001493
0,111,3015,5050,1,40,2,1001740
0,63,3029,5100,1,4,2,1001581
0,45,3004,5100,1,5,1,1001575
0,10,3009,5100,1,37,2,1001609
0,112,3015,5100,1,37,1,1001569
0,114,3037,5100,1,16,2,1001600
0,41,3012,5100,1,40,2,1001576
0,46,3019,5100,1,2,1,1001573
0,30,3006,5100,1,16,2,1001695
0,116,3031,5100,1,47,1,1001562
0,19,3014,5100,1,37,1,1001571
0,736,1000,5100,1,37,2,1001581
0,737,1000,5100,1,21,2,1001621
0,738,1000,5100,1,40,2,1001583
0,739,1000,5100,1,6,2,1001614
0,740,1000,5100,1,9,2,1001610
0,741,1000,5100,1,40,2,1001599
0,742,1000,5100,1,19,2,1001589
0,743,1000,5100,1,14,2,1001620
0,744,1000,5100,1,27,2,1001623
0,745,1000,5100,1,2,2,1001583
0,746,1000,5100,1,38,2,1001592
0,747,1000,5100,1,35,2,1001607
0,748,1000,5100,1,26,2,1001608
0,749,1000,5100,1,4,2,1001632
0,750,1000,5100,1,25,2,1001582
0,751,1000,5100,1,44,2,1001602
0,752,1000,5100,1,39,2,1001626
0,753,1000,5100,1,20,2,1001620
0,754,1000,5100,1,41,2,1001603
0,755,1000,5100,1,21,2,1001597
0,756,1000,5100,1,8,2,1001576
0,757,1000,5100,1,26,2,1001608
0,758,1000,5100,1,22,2,1001627
0,759,1000,5100,1,33,2,1001597
0,760,1000,5100,1,20,2,1001583
0,761,1000,5100,1,32,2,1001613
0,762,1000,5100,1,21,2,1001580
0,763,1000,5100,1,30,2,1001627
0,764,1000,5100,1,6,2,1001586
0,765,1000,5100,1,1,2,1001591
0,766,1000,5100,1,22,2,1001609
0,767,1000,5100,1,8,2,1001636
0,768,1000,5100,1,19,2,1001631
0,769,1000,5100,1,30,2,1001599
0,770,1000,5100,1,28,2,1001603
0,745,1000,5100,2,2,2,1001583
0,63,3001,5100,1,19,1,1001498
0,62,3003,5100,1,13,1,1001558
0,29,3023,5100,1,3,2,1001583
0,749,1000,5101,2,4,2,1001632
0,768,1000,5101,2,19,2,1001631
0,741,1000,5101,2,40,2,1001599
0,747,1000,5102,2,35,2,1001607
0,766,1000,5102,2,22,2,1001609
0,738,1000,5102,2,40,2,1001583
0,755,1000,5104,2,21,2,1001597
0,736,1000,5105,2,37,2,1001581
0,757,1000,5106,2,26,2,1001608
0,742,1000,5109,2,19,2,1001589
0,762,1000,5113,2,21,2,1001580
0,756,1000,5115,2,8,2,1001576
0,682,1000,5115,2,23,1,1001526
0,739,1000,5117,2,6,2,1001614
0,764,1000,5118,2,6,2,1001586
0,746,1000,5119,2,38,2,1001592
0,751,1000,5120,2,44,2,1001602
0,737,1000,5120,2,21,2,1001621
0,763,1000,5122,2,30,2,1001627
0,750,1000,5124,2,25,2,1001582
0,748,1000,5124,2,26,2,1001608
0,770,1000,5126,2,28,2,1001603
0,760,1000,5130,2,20,2,1001583
0,752,1000,5130,2,39,2,1001626
0,743,1000,5132,2,14,2,1001620
0,740,1000,5133,2,9,2,1001610
0,758,1000,5136,2,22,2,1001627
0,765,1000,5140,2,1,2,1001591
0,759,1000,5142,2,33,2,1001597
0,744,1000,5146,2,27,2,1001623
0,113,3015,5150,1,33,1,1001039
0,115,3037,5150,1,33,1,1001431
0,117,3031,5150,1,34,2,1001582
0,753,1000,5161,2,20,2,1001620
0,769,1000,5182,2,30,2,1001599
0,116,3037,5200,1,31,2,1001647
0,24,3018,5200,1,22,1,1001556
0,38,3007,5200,1,49,1,1001562
0,64,3029,5200,1,5,2,1001673
0,64,3001,5200,1,19,2,1001593
0,114,3015,5200,1,22,1,1001530
0,118,3031,5200,1,19,2,1001577
0,63,3003,5200,1,19,2,1001699
0,35,3021,5200,1,18,2,1001691
0,761,1000,5206,2,32,2,1001613
0,754,1000,5244,2,41,2,1001603
0,42,3012,5250,1,27,1,1001566
0,30,3017,5250,1,42,2,1001610
0,119,3031,5250,1,4,2,1001621
0,29,3008,5250,1,47,2,1001614
0,14,3028,5250,1,39,1,1001253
0,28,3030,5250,1,47,1,1001567
0,46,3004,5250,1,47,2,1001606
0,115,3015,5250,1,15,1,1001452
0,117,3037,5250,1,23,2,1001618
0,47,3019,5250,1,21,2,1001582
0,13,3034,5250,1,47,2,1001589
0,17,3002,5250,1,19,1,1001469
0,32,3016,5250,1,37,1,1001557
0,767,1000,5262,2,8,2,1001636
0,65,3029,5300,1,4,2,1001580
0,65,3001,5300,1,19,1,1001575
0,64,3003,5300,1,3,1,1001540
0,116,3015,5300,1,25,1,1001574
0,120,3031,5300,1,50,1,1001525
0,118,3037,5300,1,23,1,1001513
0,117,3015,5350,1,21,2,1001605
0,121,3031,5350,1,32,1,1001513
0,119,3037,5350,1,5,2,1001580
0,65,3003,5400,1,31,1,1001574
0,48,3019,5400,1,9,1,1001552
0,771,1000,5400,1,13,1,1001571
0,772,1000,5400,1,47,1,1001545
0,773,1000,5400,1,3,1,1001568
0,774,1000,5400,1,27,1,1001575
0,775,1000,5400,1,6,1,1001575
0,776,1000,5400,1,6,1,1001526
0,777,1000,5400,1,47,1,1001547
0,778,1000,5400,1,34,1,1001527
0,779,1000,5400,1,9,1,1001572
0,780,1000,5400,1,26,1,1001568
0,781,1000,5400,1,18,1,1001575
0,782,1000,5400,1,6,1,1001528
0,783,1000,5400,1,35,1,1001554
0,784,1000,5400,1,39,1,1001566
0,785,1000,5400,1,50,1,1001546
0,786,1000,5400,1,13,1,1001575
0,787,1000,5400,1,31,1,1001555
0,788,1000,5400,1,25,1,1001519
0,789,1000,5400,1,16,1,1001563
0,790,1000,5400,1,41,1,1001548
0,791,1000,5400,1,26,1,1001517
0,792,1000,5400,1,22,1,1001526
0,793,1000,5400,1,1,1,1001558
0,794,1000,5400,1,38,1,1001530
0,795,1000,5400,1,36,1,1001554
0,796,1000,5400,1,21,1,1001531
0,797,1000,5400,1,19,1,1001522
0,798,1000,5400,1,21,1,1001525
0,799,1000,5400,1,49,1,1001532
0,800,1000,5400,1,4,1,1001570
0,801,1000,5400,1,50,1,1001565
0,802,1000,5400,1,3,1,1001537
0,803,1000,5400,1,38,1,1001543
0,804,1000,5400,1,26,1,1001558
0,805,1000,5400,1,7,1,1001560
0,806,1000,5400,1,17,1,1001523
0,807,1000,5400,1,43,1,1001527
0,808,1000,5400,1,22,1,1001549
0,809,1000,5400,1,24,1,1001554
0,810,1000,5400,1,30,1,1001542
0,811,1000,5400,1,29,1,1001561
0,812,1000,5400,1,43,1,1001543
0,813,1000,5400,1,49,1,1001561
0,814,1000,5400,1,5,1,1001559
0,815,1000,5400,1,25,1,1001535
0,816,1000,5400,1,9,1,1001560
0,817,1000,5400,1,22,1,1001540
0,818,1000,5400,1,2,1,1001564
0,819,1000,5400,1,42,1,1001563
0,820,1000,5400,1,22,1,1001573
0,821,1000,5400,1,11,1,1001562
0,822,1000,5400,1,7,1,1001569
0,823,1000,5400,1,11,1,1001563
0,824,1000,5400,1,50,1,1001571
0,825,1000,5400,1,46,1,1001554
0,826,1000,5400,1,28,1,1001560
0,827,1000,5400,1,16,1,1001571
0,828,1000,5400,1,46,1,1001573
0,829,1000,5400,1,50,1,1001542
0,830,1000,5400,1,14,1,1001550
0,66,3001,5400,1,49,1,1001552
0,31,3006,5400,1,2,2,1001586
0,15,3022,5400,1,16,1,1001572
0,12,2030,5400,1,9,1,200000
0,122,3031,5400,1,36,1,1001560
0,120,3037,5400,1,30,1,1001560
0,14,3036,5400,1,35,1,1001275
0,11,3033,5400,1,27,2,1001601
0,39,3007,5400,1,28,2,1001670
0,43,3012,5400,1,4,2,1001608
0,36,3021,5400,1,24,2,1001619
0,47,3004,5400,1,40,2,1001618
0,118,3015,5400,1,12,1,1001358
0,30,3023,5400,1,48,1,1001525
0,66,3029,5400,1,50,2,1001595
0,792,1000,5402,2,22,1,1001526
0,776,1000,5402,2,6,1,1001526
0,816,1000,5404,2,9,1,1001560
0,801,1000,5405,2,50,1,1001565
0,813,1000,5405,2,49,1,1001561
0,811,1000,5406,2,29,1,1001561
0,830,1000,5407,2,14,1,1001550
0,772,1000,5407,2,47,1,1001545
0,799,1000,5409,2,49,1,1001532
0,779,1000,5410,2,9,1,1001572
0,806,1000,5411,2,17,1,1001523
0,812,1000,5412,2,43,1,1001543
0,810,1000,5414,2,30,1,1001542
0,777,1000,5415,2,47,1,1001547
0,819,1000,5416,2,42,1,1001563
0,829,1000,5416,2,50,1,1001542
0,820,1000,5416,2,22,1,1001573
0,783,1000,5417,2,35,1,1001554
0,775,1000,5419,2,6,1,1001575
0,774,1000,5419,2,27,1,1001575
0,805,1000,5422,2,7,1,1001560
0,804,1000,5422,2,26,1,1001558
0,795,1000,5422,2,36,1,1001554
0,791,1000,5424,2,26,1,1001517
0,780,1000,5424,2,26,1,1001568
0,802,1000,5425,2,3,1,1001537
0,794,1000,5430,2,38,1,1001530
0,789,1000,5432,2,16,1,1001563
0,808,1000,5434,2,22,1,1001549
0,826,1000,5436,2,28,1,1001560
0,785,1000,5437,2,50,1,1001546
0,822,1000,5443,2,7,1,1001569
0,800,1000,5445,2,4,1,1001570
0,781,1000,5445,2,18,1,1001575
0,121,3037,5450,1,24,2,1001576
0,123,3031,5450,1,33,2,1001589
0,119,3015,5450,1,7,2,1001845
0,787,1000,5450,2,31,1,1001555
0,788,1000,5452,2,25,1,1001519
0,825,1000,5455,2,46,1,1001554
0,823,1000,5458,2,11,1,1001563
0,793,1000,5459,2,1,1,1001558
0,818,1000,5463,2,2,1,1001564
0,798,1000,5464,2,21,1,1001525
0,828,1000,5466,2,46,1,1001573
0,782,1000,5466,2,6,1,1001528
0,771,1000,5467,2,13,1,1001571
0,784,1000,5468,2,39,1,1001566
0,821,1000,5469,2,11,1,1001562
0,773,1000,5469,2,3,1,1001568
0,824,1000,5474,2,50,1,1001571
0,797,1000,5476,2,19,1,1001522
0,815,1000,5480,2,25,1,1001535
0,790,1000,5480,2,41,1,1001548
0,778,1000,5481,2,34,1,1001527
0,814,1000,5484,2,5,1,1001559
0,807,1000,5486,2,43,1,1001527
0,817,1000,5489,2,22,1,1001540
0,809,1000,5495,2,24,1,1001554
0,796,1000,5496,2,21,1,1001531
0,11,2048,5500,1,40,2,0
0,66,3003,5500,1,14,1,1001541
0,67,3001,5500,1,2,1,1001448
0,120,3015,5500,1,32,1,1001531
0,31,3017,5500,1,15,2,1001586
0,67,3029,5500,1,36,1,1001553
0,124,3031,5500,1,24,1,1001504
0,12,3025,5500,1,6,2,1001583
0,122,3037,5500,1,41,2,1001578
0,30,3008,5500,1,30,2,1001576
0,33,3016,5500,1,13,1,1001552
0,803,1000,5511,2,38,1,1001543
0,827,1000,5526,2,16,1,1001571
0,44,3012,5550,1,20,1,1001575
0,123,3037,5550,1,50,1,1001550
0,48,3004,5550,1,23,2,1001687
0,49,3019,5550,1,12,1,1001204
0,121,3015,5550,1,10,2,1001577
0,125,3031,5550,1,47,2,1001679
0,19,3020,5600,1,27,1,1001564
0,67,3003,5600,1,13,2,1001594
0,29,3030,5600,1,7,2,1001829
0,126,3031,5600,1,6,2,1001615
0,40,3007,5600,1,48,2,1001578
0,68,3001,5600,1,33,1,1001554
0,37,3021,5600,1,18,1,1001569
0,124,3037,5600,1,26,2,1001579
0,68,3029,5600,1,47,1,1001514
0,25,3018,5600,1,17,2,1001645
0,122,3015,5600,1,40,2,1001585
0,786,1000,5604,2,13,1,1001575
0,125,3037,5650,1,21,1,1001504
0,127,3031,5650,1,13,1,1001571
0,123,3015,5650,1,6,2,1001640
0,45,3012,5700,1,9,1,1001523
0,31,3023,5700,1,40,2,1001618
0,49,3004,5700,1,42,1,1001475
0,831,1000,5700,1,28,2,1001622
0,832,1000,5700,1,27,2,1001588
0,833,1000,5700,1,6,2,1001612
0,834,1000,5700,1,29,2,1001636
0,835,1000,5700,1,24,2,1001600
0,836,1000,5700,1,46,2,1001578
0,837,1000,5700,1,45,2,1001579
0,838,1000,5700,1,21,2,1001612
0,839,1000,5700,1,16,2,1001590
0,840,1000,5700,1,2,2,1001631
0,841,1000,5700,1,5,2,1001623
0,842,1000,5700,1,19,2,1001606
0,843,1000,5700,1,11,2,1001636
0,844,1000,5700,1,41,2,1001614
0,845,1000,5700,1,39,2,1001616
0,846,1000,5700,1,32,2,1001628
0,847,1000,5700,1,17,2,1001634
0,848,1000,5700,1,17,2,1001636
0,849,1000,5700,1,45,2,1001603
0,850,1000,5700,1,21,2,1001602
0,851,1000,5700,1,9,2,1001595
0,852,1000,5700,1,48,2,1001600
0,853,1000,5700,1,30,2,1001598
0,854,1000,5700,1,18,2,1001611
0,855,1000,5700,1,12,2,1001591
0,856,1000,5700,1,4,2,1001620
0,857,1000,5700,1,24,2,1001625
0,858,1000,5700,1,7,2,1001630
0,859,1000,5700,1,44,2,1001580
0,860,1000,5700,1,9,2,1001585
0,861,1000,5700,1,19,2,1001635
0,862,1000,5700,1,49,2,1001594
0,863,1000,5700,1,47,2,1001636
0,864,1000,5700,1,25,2,1001605
0,865,1000,5700,1,23,2,1001625
0,866,1000,5700,1,8,2,1001630
0,867,1000,5700,1,1,2,1001604
0,868,1000,5700,1,33,2,1001625
0,869,1000,5700,1,26,2,1001618
0,870,1000,5700,1,7,2,1001584
0,871,1000,5700,1,30,2,1001605
0,872,1000,5700,1,48,2,1001607
0,873,1000,5700,1,9,2,1001598
0,874,1000,5700,1,49,2,1001597
0,875,1000,5700,1,8,2,1001620
0,876,1000,5700,1,10,2,1001586
0,877,1000,5700,1,24,2,1001581
0,878,1000,5700,1,15,2,1001576
0,879,1000,5700,1,29,2,1001594
0,880,1000,5700,1,18,2,1001576
0,881,1000,5700,1,35,2,1001618
0,882,1000,5700,1,25,2,1001600
0,883,1000,5700,1,39,2,1001623
0,69,3001,5700,1,42,2,1001602
0,126,3037,5700,1,48,2,1001597
0,69,3029,5700,1,1,1,1001574
0,124,3015,5700,1,46,1,1001530
0,32,3006,5700,1,12,2,1001590
0,50,3019,5700,1,27,2,1001597
0,68,3003,5700,1,5,1,1001567
0,128,3031,5700,1,43,2,1001588
0,849,1000,5703,2,45,2,1001603
0,850,1000,5704,2,21,2,1001602
0,854,1000,5705,2,18,2,1001611
0,837,1000,5705,2,45,2,1001579
0,844,1000,5710,2,41,2,1001614
0,877,1000,5711,2,24,2,1001581
0,869,1000,5712,2,26,2,1001618
0,876,1000,5712,2,10,2,1001586
0,868,1000,5714,2,33,2,1001625
0,872,1000,5714,2,48,2,1001607
0,857,1000,5714,2,24,2,1001625
0,848,1000,5716,2,17,2,1001636
0,861,1000,5717,2,19,2,1001635
0,831,1000,5719,2,28,2,1001622
0,863,1000,5719,2,47,2,1001636
0,866,1000,5719,2,8,2,1001630
0,833,1000,5719,2,6,2,1001612
0,845,1000,5722,2,39,2,1001616
0,883,1000,5723,2,39,2,1001623
0,836,1000,5724,2,46,2,1001578
0,867,1000,5724,2,1,2,1001604
0,860,1000,5725,2,9,2,1001585
0,858,1000,5725,2,7,2,1001630
0,852,1000,5725,2,48,2,1001600
0,874,1000,5727,2,49,2,1001597
0,839,1000,5727,2,16,2,1001590
0,878,1000,5729,2,15,2,1001576
0,843,1000,5730,2,11,2,1001636
0,838,1000,5731,2,21,2,1001612
0,873,1000,5731,2,9,2,1001598
0,841,1000,5734,2,5,2,1001623
0,855,1000,5734,2,12,2,1001591
0,842,1000,5734,2,19,2,1001606
0,859,1000,5735,2,44,2,1001580
0,853,1000,5738,2,30,2,1001598
0,880,1000,5740,2,18,2,1001576
0,846,1000,5742,2,32,2,1001628
0,862,1000,5743,2,49,2,1001594
0,835,1000,5745,2,24,2,1001600
0,870,1000,5746,2,7,2,1001584
0,879,1000,5746,2,29,2,1001594
0,881,1000,5747,2,35,2,1001618
0,882,1000,5749,2,25,2,1001600
0,32,3017,5750,1,9,1,1001522
0,127,3037,5750,1,37,2,1001584
0,129,3031,5750,1,28,1,1001544
0,34,3016,5750,1,38,2,1001789
0,31,3008,5750,1,17,2,1001637
0,125,3015,5750,1,21,1,1001513
0,871,1000,5753,2,30,2,1001605
0,864,1000,5760,2,25,2,1001605
0,865,1000,5760,2,23,2,1001625
0,834,1000,5762,2,29,2,1001636
0,856,1000,5774,2,4,2,1001620
0,840,1000,5798,2,2,2,1001631
0,126,3015,5800,1,4,2,1001584
0,70,3001,5800,1,39,2,1001697
0,38,3021,5800,1,11,1,1001558
0,41,3007,5800,1,4,1,1001573
0,69,3003,5800,1,17,2,1001612
0,130,3031,5800,1,20,2,1001576
0,128,3037,5800,1,24,2,1001577
0,70,3029,5800,1,47,2,1001635
0,832,1000,5816,2,27,2,1001588
0,875,1000,5818,2,8,2,1001620
0,847,1000,5828,2,17,2,1001634
0,127,3015,5850,1,17,1,1001574
0,131,3031,5850,1,17,1,1001557
0,16,3027,5850,1,41,1,1001405
0,51,3019,5850,1,38,1,1001485
0,46,3012,5850,1,4,2,1001576
0,129,3037,5850,1,19,1,1001562
0,13,2030,5850,1,44,1,200000
0,13,3013,5850,1,24,2,1001818
0,50,3004,5850,1,41,2,1001850
0,851,1000,5880,2,9,2,1001595
0,71,3001,5900,1,12,2,1001603
0,128,3015,5900,1,20,2,1001635
0,70,3003,5900,1,44,2,1001581
0,11,3000,5900,1,7,2,1001697
0,130,3037,5900,1,25,2,1001578
0,132,3031,5900,1,35,2,1001654
0,71,3029,5900,1,31,2,1001586
0,129,3015,5950,1,6,2,1001610
0,20,3014,5950,1,10,2,1001595
0,30,3030,5950,1,39,1,1001569
0,133,3031,5950,1,10,2,1001634
0,131,3037,5950,1,11,2,1001578
0,42,3007,6000,1,43,2,1001577
0,26,3018,6000,1,23,2,1001594
0,52,3019,6000,1,16,1,1001569
0,132,3037,6000,1,5,2,1001576
0,72,3029,6000,1,31,1,1001411
0,884,1000,6000,1,12,2,1001612
0,885,1000,6000,1,33,2,1001581
0,886,1000,6000,1,32,2,1001585
0,887,1000,6000,1,22,2,1001582
0,888,1000,6000,1,9,2,1001629
0,889,1000,6000,1,17,2,1001584
0,890,1000,6000,1,10,2,1001620
0,891,1000,6000,1,9,2,1001630
0,892,1000,6000,1,33,2,1001621
0,893,1000,6000,1,40,2,1001633
0,894,1000,6000,1,33,2,1001580
0,895,1000,6000,1,28,2,1001586
0,896,1000,6000,1,29,2,1001625
0,897,1000,6000,1,40,2,1001632
0,898,1000,6000,1,23,2,1001585
0,899,1000,6000,1,44,2,1001628
0,900,1000,6000,1,44,2,1001590
0,901,1000,6000,1,21,2,1001617
0,902,1000,6000,1,7,2,1001585
0,903,1000,6000,1,32,2,1001626
0,904,1000,6000,1,36,2,1001583
0,905,1000,6000,1,34,2,1001594
0,906,1000,6000,1,17,2,1001610
0,907,1000,6000,1,14,2,1001585
0,908,1000,6000,1,45,2,1001614
0,909,1000,6000,1,12,2,1001635
0,910,1000,6000,1,29,2,1001594
0,911,1000,6000,1,4,2,1001629
0,912,1000,6000,1,22,2,1001617
0,913,1000,6000,1,36,2,1001608
0,914,1000,6000,1,46,2,1001624
0,915,1000,6000,1,14,2,1001589
0,916,1000,6000,1,44,2,1001588
0,917,1000,6000,1,3,2,1001626
0,918,1000,6000,1,4,2,1001588
0,919,1000,6000,1,31,2,1001610
0,920,1000,6000,1,28,2,1001592
0,921,1000,6000,1,16,2,1001634
0,922,1000,6000,1,3,2,1001580
0,923,1000,6000,1,48,2,1001585
0,924,1000,6000,1,33,2,1001632
0,925,1000,6000,1,24,2,1001600
0,926,1000,6000,1,12,2,1001613
0,927,1000,6000,1,26,2,1001621
0,928,1000,6000,1,16,2,1001576
0,929,1000,6000,1,39,2,1001613
0,930,1000,6000,1,4,2,1001618
0,931,1000,6000,1,10,2,1001617
0,932,1000,6000,1,41,2,1001602
0,933,1000,6000,1,24,2,1001613
0,934,1000,6000,1,36,2,1001636
0,903,1000,6000,2,32,2,1001626
0,33,3017,6000,1,15,2,1001595
0,35,3016,6000,1,13,2,1001681
0,130,3015,6000,1,49,1,1001571
0,47,3012,6000,1,41,2,1001597
0,134,3031,6000,1,48,2,1001578
0,14,3010,6000,1,42,2,1001616
0,12,2048,6000,1,8,1,200000
0,51,3004,6000,1,34,1,1001473
0,71,3003,6000,1,34,2,1001631
0,32,3008,6000,1,15,2,1001670
0,72,3001,6000,1,47,1,1001556
0,32,3023,6000,1,48,2,1001605
0,33,3006,6000,1,32,1,1001366
0,39,3021,6000,1,42,2,1001581
0,922,1000,6001,2,3,2,1001580
0,914,1000,6001,2,46,2,1001624
0,884,1000,6001,2,12,2,1001612
0,928,1000,6001,2,16,2,1001576
0,897,1000,6003,2,40,2,1001632
0,910,1000,6003,2,29,2,1001594
0,912,1000,6003,2,22,2,1001617
0,927,1000,6004,2,26,2,1001621
0,898,1000,6004,2,23,2,1001585
0,919,1000,6005,2,31,2,1001610
0,931,1000,6008,2,10,2,1001617
0,921,1000,6009,2,16,2,1001634
0,918,1000,6011,2,4,2,1001588
0,925,1000,6012,2,24,2,1001600
0,892,1000,6013,2,33,2,1001621
0,902,1000,6015,2,7,2,1001585
0,904,1000,6015,2,36,2,1001583
0,889,1000,6016,2,17,2,1001584
0,899,1000,6017,2,44,2,1001628
0,886,1000,6018,2,32,2,1001585
0,906,1000,6019,2,17,2,1001610
0,900,1000,6023,2,44,2,1001590
0,893,1000,6024,2,40,2,1001633
0,907,1000,6024,2,14,2,1001585
0,905,1000,6028,2,34,2,1001594
0,915,1000,6031,2,14,2,1001589
0,888,1000,6032,2,9,2,1001629
0,930,1000,6032,2,4,2,1001618
0,923,1000,6033,2,48,2,1001585
0,911,1000,6035,2,4,2,1001629
0,896,1000,6036,2,29,2,1001625
0,934,1000,6037,2,36,2,1001636
0,909,1000,6038,2,12,2,1001635
0,895,1000,6041,2,28,2,1001586
0,894,1000,6045,2,33,2,1001580
0,901,1000,6046,2,21,2,1001617
0,890,1000,6048,2,10,2,1001620
0,913,1000,6049,2,36,2,1001608
0,133,3037,6050,1,43,2,1001585
0,135,3031,6050,1,12,1,1001569
0,131,3015,6050,1,42,1,1001513
0,908,1000,6051,2,45,2,1001614
0,891,1000,6051,2,9,2,1001630
0,917,1000,6052,2,3,2,1001626
0,932,1000,6054,2,41,2,1001602
0,887,1000,6062,2,22,2,1001582
0,916,1000,6074,2,44,2,1001588
0,920,1000,6080,2,28,2,1001592
0,929,1000,6080,2,39,2,1001613
0,885,1000,6090,2,33,2,1001581
0,926,1000,6092,2,12,2,1001613
0,933,1000,6093,2,24,2,1001613
0,72,3003,6100,1,46,2,1001610
0,73,3001,6100,1,19,2,1001579
0,134,3037,6100,1,38,2,1001605
0,136,3031,6100,1,39,1,1001561
0,73,3029,6100,1,12,2,1001576
0,132,3015,6100,1,9,2,1001615
0,133,3015,6150,1,26,1,1001573
0,48,3012,6150,1,49,1,1001451
0,135,3037,6150,1,27,2,1001582
0,137,3031,6150,1,29,2,1001660
0,53,3019,6150,1,46,1,1001574
0,52,3004,6150,1,40,1,1001520
0,924,1000,6170,2,33,2,1001632
0,74,3001,6200,1,40,1,1001454
0,40,3021,6200,1,8,2,1001586
0,73,3003,6200,1,41,1,1001565
0,4,2020,6200,1,5,1,200000
0,134,3015,6200,1,17,2,1001619
0,136,3037,6200,1,5,2,1001599
0,138,3031,6200,1,11,1,1001569
0,11,3024,6200,1,23,1,1001518
0,43,3007,6200,1,23,1,1001512
0,74,3029,6200,1,12,2,1001684
0,137,3037,6250,1,14,2,1001596
0,33,3008,6250,1,4,1,1001568
0,139,3031,6250,1,35,1,1001575
0,36,3016,6250,1,42,1,1001568
0,34,3017,6250,1,29,2,1001598
0,135,3015,6250,1,46,1,1001571
0,31,3030,6300,1,45,2,1001608
0,140,3031,6300,1,14,1,1001490
0,18,3002,6300,1,14,2,1001651
0,53,3004,6300,1,22,2,1001592
0,138,3037,6300,1,11,2,1001608
0,16,3022,6300,1,18,2,1001678
0,75,3029,6300,1,23,2,1001658
0,33,3023,6300,1,13,1,1001564
0,136,3015,6300,1,16,2,1001686
0,74,3003,6300,1,25,2,1001615
0,935,1000,6300,1,34,2,1001584
0,936,1000,6300,1,1,2,1001593
0,937,1000,6300,1,5,2,1001580
0,938,1000,6300,1,3,2,1001609
0,939,1000,6300,1,16,2,1001592
0,940,1000,6300,1,42,2,1001609
0,941,1000,6300,1,3,2,1001630
0,942,1000,6300,1,31,2,1001584
0,943,1000,6300,1,17,2,1001627
0,944,1000,6300,1,50,2,1001593
0,945,1000,6300,1,42,2,1001622
0,946,1000,6300,1,44,2,1001577
0,947,1000,6300,1,10,2,1001582
0,948,1000,6300,1,11,2,1001614
0,949,1000,6300,1,40,2,1001588
0,950,1000,6300,1,37,2,1001590
0,951,1000,6300,1,47,2,1001625
0,952,1000,6300,1,15,2,1001625
0,953,1000,6300,1,34,2,1001619
0,954,1000,6300,1,43,2,1001599
0,955,1000,6300,1,50,2,1001634
0,956,1000,6300,1,33,2,1001578
0,957,1000,6300,1,46,2,1001624
0,958,1000,6300,1,15,2,1001590
0,959,1000,6300,1,37,2,1001611
0,960,1000,6300,1,36,2,1001633
0,961,1000,6300,1,45,2,1001630
0,962,1000,6300,1,10,2,1001585
0,963,1000,6300,1,2,2,1001595
0,964,1000,6300,1,17,2,1001584
0,965,1000,6300,1,7,2,1001607
0,966,1000,6300,1,19,2,1001631
0,967,1000,6300,1,20,2,1001613
0,968,1000,6300,1,33,2,1001581
0,969,1000,6300,1,34,2,1001588
0,970,1000,6300,1,46,2,1001587
0,971,1000,6300,1,37,2,1001611
0,972,1000,6300,1,26,2,1001624
0,973,1000,6300,1,45,2,1001620
0,974,1000,6300,1,40,2,1001596
0,975,1000,6300,1,47,2,1001602
0,976,1000,6300,1,29,2,1001587
0,977,1000,6300,1,37,2,1001582
0,970,1000,6300,2,46,2,1001587
0,54,3019,6300,1,2,1,1001504
0,75,3001,6300,1,32,2,1001664
0,14,2030,6300,1,8,1,200000
0,14,3034,6300,1,34,2,1001604
0,49,3012,6300,1,38,1,1001559
0,34,3006,6300,1,35,2,1001580
0,949,1000,6301,2,40,2,1001588
0,963,1000,6301,2,2,2,1001595
0,951,1000,6303,2,47,2,1001625
0,966,1000,6303,2,19,2,1001631
0,959,1000,6305,2,37,2,1001611
0,960,1000,6306,2,36,2,1001633
0,974,1000,6308,2,40,2,1001596
0,946,1000,6309,2,44,2,1001577
0,968,1000,6309,2,33,2,1001581
0,948,1000,6314,2,11,2,1001614
0,950,1000,6315,2,37,2,1001590
0,967,1000,6316,2,20,2,1001613
0,961,1000,6317,2,45,2,1001630
0,975,1000,6317,2,47,2,1001602
0,972,1000,6318,2,26,2,1001624
0,965,1000,6318,2,7,2,1001607
0,945,1000,6319,2,42,2,1001622
0,936,1000,6319,2,1,2,1001593
0,973,1000,6323,2,45,2,1001620
0,938,1000,6328,2,3,2,1001609
0,962,1000,6328,2,10,2,1001585
0,939,1000,6329,2,16,2,1001592
0,935,1000,6330,2,34,2,1001584
0,956,1000,6330,2,33,2,1001578
0,957,1000,6331,2,46,2,1001624
0,943,1000,6332,2,17,2,1001627
0,940,1000,6332,2,42,2,1001609
0,953,1000,6335,2,34,2,1001619
0,977,1000,6343,2,37,2,1001582
0,955,1000,6348,2,50,2,1001634
0,141,3031,6350,1,1,1,1001479
0,137,3015,6350,1,25,1,1001529
